2822 5102
318 361 357 430 e·
464 347 735 448 ,vermari
760 347 1065 464 emouerent
1092 335 1124 476 l.
1156 365 1188 426 t.
1288 293 1293 314 ⁸
1344 336 1354 343 ’

171 523 173 532 “
220 509 224 518 ⁵
319 539 403 614 dem
418 537 570 640 putebat
583 563 650 614 neo
665 505 734 640 prd
749 552 909 712 emptore
932 542 1022 612 euor'
1041 535 1243 640 possidere,
1281 526 1373 635 sed}

321 667 387 743 pro
416 665 627 746 possessore.
692 640 783 714 Proc
825 667 866 714 us
890 653 926 712 et
947 640 1068 714 Celsus
1099 667 1166 742 pro
1188 651 1372 738 emptore,

296 743 421 846 ⁸quod
436 759 489 820 est
502 741 645 834 uerius3
685 765 771 814 nam
793 758 830 815 et
852 741 990 816 fructus
1013 767 1096 818 suos
1118 734 1236 845 fulcit,
1273 738 1374 842 quie

319 951 452 1024 disquirit,
465 965 533 1023 quse
545 947 705 1010 efficientur,
724 949 747 1004 si
757 967 816 1004 mu·
859 969 937 1024 rum,
954 969 1025 1021 quae
1039 969 1054 1004 a
1069 943 1184 1004 muliere
1196 949 1253 1004 sine
1264 947 1373 1004 tutoris

320 1023 371 1078 lier
390 1022 446 1075 sine
464 1021 562 1075 tutoris
580 1020 737 1074 auctoritate
757 1038 817 1072 rem
856 1017 1019 1076 'auctoritate
1039 1019 1167 1074 alienatae
1190 1027 1279 1072 essent
1300 1015 1375 1070 Gaii

322 1091 441 1163 mancipi
469 1089 610 1143 alienatam
640 1085 819 1141 malae·f1dei
861 1089 927 1144 lost.
946 1090 979 1149 11,
999 1088 1043 1142 47.
1066 1086 1308 1157 ‘QuoniamIvero
1324 1086 1375 1138 lex

322 1159 438 1232 emptori
457 1157 650 1228 mancipaverit
670 1167 750 1226 atque
766 1167 819 1231 tra·
862 1159 974 1216 Claudia
986 1177 1044 1212 non
1075 1157 1197 1229 ropalam
1220 1153 1374 1226 usucapio·

321 1227 427 1284 diderit.
446 1226 681 1299 Deprehendimus
694 1244 820 1298 magnam
862 1247 926 1282 nem
939 1228 1018 1284 istam
1032 1177 1153 1289 admisit,
1183 1224 1242 1280 ICti
1261 1224 1374 1278 Romae·-

322 1298 515 1353 seutentiarum
532 1295 721 1356 differentiam,
739 1303 822 1364 prout
864 1297 907 1366 ni,
931 1296 981 1367 ¹qui
993 1295 1311 1366 nunquaminveteratas
1324 1293 1371 1345 iu·

322 1365 463 1422 testante
488 1365 531 1429 vel
553 1375 615 1436 post
635 1364 722 1434 legem
742 1361 822 1417 Clau·
863 1366 901 1420 ris
921 1365 1025 1435 regulas
1044 1382 1100 1417 uno
1120 1363 1225 1426 impetu
1250 1360 1372 1416 sustule-

324 1435 397 1490 diam
419 1435 502 1490 letam
526 1433 680 1486 floruerint.
723 1431 823 1494 Labeo,
864 1445 943 1494 runt,
973 1433 1030 1486 illas
1043 1432 1138 1488 vetitas
1150 1431 1325 1502 alienationes
1344 1439 1373 1484 et
1401 1459 1404 1468 ·

324 1505 476 1576 quitamen
493 1499 594 1556 in'hae
610 1521 640 1556 re
658 1501 823 1573 peculiarem
864 1503 1044 1574 usucapiones
1074 1503 1173 1556 sensim
1208 1500 1313 1568 sensim
1335 1518 1373 1552 ue

301 1585 431 1633 ,secutus
456 1573 695 1633 esse'sententiam
713 1570 822 1633 videtur
863 1582 1040 1628 semoverunt
1064 1569 1126 1624 Gaii
1150 1572 1218 1626 lnst.
1244 1569 1270 1628 l,
1304 1571 1317 1620 1
1363 1605 1371 1622 .

323 1639 491 1715 (Dirlr'sen
513 1643 532 1696 1.
547 1644 565 1693 1.
582 1659 608 1724 p.
622 1639 680 1710 93),
702 1641 822 1712 putabat.
863 1642 934 1696 Nam
946 1641 1008 1694 licet
1023 1640 1051 1694 io
1071 1640 1121 1693 bac
1142 1640 1177 1708 §o
1198 1641 1237 1693 lex
1251 1637 1373 1692 Claudia

315 1712 508 1768 venditionem
526 1711 647 1764 mulieris
673 1709 730 1762 sine
748 1717 822 1770 tuto·
864 1730 923 1765 non
935 1709 1095 1764 nominatim
1107 1709 1247 1771 afferatur,
1271 1719 1373 1760 tamen

323 1781 361 1838 ris
384 1781 543 1834 auctoritate
566 1788 733 1834 contractam
762 1777 822 1848 ipso
866 1777 998 1833 momenti
1014 1797 1070 1830 non
1085 1777 1190 1833 minimi
1202 1777 1268 1830 baec
1282 1775 1372 1830 fuisse

324 1843 383 1904 iu're
395 1849 498 1902 nullam
510 1849 599 1908 luisse,
615 1866 687 1910 eum,
704 1846 750 1916 qui
765 1863 823 1918 pre·
834 1892 849 1902 .
866 1849 946 1902 debet
958 1848 987 1900 in
999 1848 1144 1902 mulierum
1157 1845 1369 1904 alienationibus

323 1920 393 1973 tium
405 1917 512 1972 mulieri
532 1917 663 1975 dedisset,
693 1934 745 1988 pro
762 1932 843 1990 pos-s
865 1917 923 1972 sine
935 1927 1025 1972 tutore
1040 1917 1195 1971 contractis.
1231 1914 1368 1976 Primum,

323 2005 426 2043 sessore
440 1987 591 2060 possidere,
608 2004 698 2056 neque
719 1983 824 2037 fructus
865 1985 1107 2058 ut-possessionem
1119 1985 1157 2042 rei
1172 1984 1294 2054 mancipi
1310 2002 1366 2043 mu·

230 2107 232 2114 ,
324 2065 412 2112 erutae
457 2055 496 2108 rei
543 2056 684 2128 percipere
734 2070 824 2124 posse·
865 2055 943 2110 lieres
956 2053 1120 2108 sinetutoris
1133 2051 1361 2124 auctoritate'elie·

324 2123 505 2180 Schrader
536 2125 727 2178 ianrr'trsssclze
748 2119 823 2174 Zeil-
865 2121 976 2188 ualent,
1006 2122 1183 2194 permissum,
1221 2132 1248 2176 et
1269 2119 1377 2195 tutori·¹

219 2237 227 2255 .
323 2193 506 2263 sebrist'l'om.
516 2191 537 2257 l,
549 2213 576 2264 p.
596 2193 654 2255 182,
671 2203 752 2260 atque
765 2208 823 2242 mu·
865 2195 932 2254 bus,
956 2211 1014 2248 non
1029 2211 1093 2252 vero
1107 2192 1158 2263 ipsi
1178 2189 1301 2252 mulieri,
1327 2190 1367 2243 ius

323 2263 382 2320 lieri
404 2263 494 2318 eius've
522 2263 657 2316 tutoribus
685 2261 712 2314 io
731 2277 824 2330 perpe·
866 2261 1034 2318 alienationis
1074 2261 1206 2316 eiusmodi
1233 2278 1366 2314 revocan-

323 2331 501 2396 tuumlicere
519 2351 577 2384 rem
597 2329 734 2386 venditam
749 2347 825 2400 repe·
867 2331 916 2386 dae
953 2330 1115 2401 denegatum
1153 2349 1210 2388 esse
1247 2327 1365 2386 videtur.

324 2413 392 2458 tere.
429 2399 454 2454 ls
475 2397 547 2456 enirn
567 2399 612 2470 qui
645 2417 676 2452 ro
691 2414 824 2480 possesso·
866 2399 936 2454 Nam
956 2399 1015 2452 talis
1047 2410 1150 2460 emtor,
1183 2402 1270 2454 bonae
1300 2395 1362 2450 fidei

317 2489 355 2534 ¹re
371 2468 504 2544 possidet,
533 2469 606 2522 nulla
626 2420 702 2540 loogr
720 2477 774 2520 tem
797 2485 824 2520 o·
859 2468 1016 2542 possessori
1036 2468 1237 2551 aequiparatus,
1259 2462 1362 2520 tructus

216 2559 220 2567 ’
324 2539 362 2594 ris
374 2539 541 2610 possessione
555 2537 717 2600 ‹lesenditur,
735 2555 760 2590 c.
791 2531 823 2590 C.
867 2537 1030 2592 suossacere
1044 2549 1161 2610 potuit·
1183 2539 1221 2591 At
1235 2533 1369 2608 quoniam

274 2613 278 2619 '
325 2606 358 2661 de
373 2617 445 2662 auct.
460 2617 555 2689 praest.
571 2606 654 2672 5,59,
679 2604 832 2678 quiamala¹
868 2627 947 2664 causa
971 2606 1146 2678 possessionis
1162 2605 1196 2661 ab
1223 2603 1368 2673 usucapio·

164 2699 170 2712 ¹
325 2673 379 2730 fide
396 2677 534 2757 possidere
553 2675 728 2746 intelligitur3
756 2691 825 2730 von
868 2676 911 2730 nis
929 2695 1008 2730 causa
1026 2688 1145 2747 separata
1165 2685 1205 2729 est
1224 2671 1293 2729 tas
1313 2673 1369 2738 §.l

245 2789 255 2808 ,
323 2743 457 2816 Savrgn
500 2743 825 2812 iuZes'tsehrlstsuerge·
868 2745 969 2816 D.pro
984 2758 1047 2798 emt.
1061 2742 1147 2810 41,4;
1165 2743 1200 2799 cl‘.
1215 2741 1248 2797 lr.
1267 2743 1303 2794 11
1318 2739 1372 2810 §.8

323 2816 445 2868 sohiclrtle'
477 2832 492 2866 e
535 2811 826 2884 Rechtswissensehast
869 2815 888 2869 i.
904 2811 924 2866 s.
944 2813 1128 2868 vetustam.
1144 2811 1235 2878 14,S,
1253 2811 1371 2866 ulterius

323 2881 404 2938 Tum.
415 2881 450 2943 V,
464 2901 490 2954 p.
503 2883 537 2936 st
553 2894 617 2937 nota
630 2883 674 2948 28.
741 2905 743 2914 ·
859 2882 1098 2956 ,progrediendum
1110 2884 1178 2944 fuit,
1195 2882 1253 2936 soil.
1267 2891 1303 2936 ut
1319 2881 1372 2941 ille,

355 2951 510 3022 possidere]
531 2951 568 3006 cl.
586 2971 655 3024 von
668 2949 708 3005 Sa
719 2951 747 3004 vi
757 2969 799 3023 gn
869 2953 912 3007 cui
927 2953 1024 3006 mulier
1036 2972 1093 3006 rem
1112 2950 1229 3024 mancipi
1247 2949 1310 3004 sine
1330 2961 1372 3003 tu·

325 3020 389 3078 llos
401 3021 492 3075 licem
511 3025 562 3076 des
573 3021 700 3076 Barrus
715 3019 765 3074 Ed.
781 2968 826 3083 lli,
868 3021 935 3076 toris
948 3022 1106 3076 auctoritate
1118 3021 1282 3080 alienaverit,
1306 3037 1370 3072 usu·

279 3108 283 3117 ¹
326 3111 353 3164 p.
369 3089 469 3154 69,70.
868 3089 991 3162 capiendi
1028 3091 1228 3146 conditionem,
1244 3087 1371 3141 baberet.

358 3159 555 3226 praenoscas]
581 3157 642 3212 Hoc
656 3159 720 3212 loco
733 3155 826 3211 titulus
868 3159 945 3214 Hanc
960 3161 1133 3229 usucapieodi
1160 3158 1300 3213 licentiam
1326 3155 1372 3209 ‹le-

327 3247 377 3300 pro
391 3247 546 3300 possessore
558 3229 636 3282 titulo
652 3247 701 3300 pro
716 3237 826 3298 empto·
868 3247 944 3282 mum
966 3227 1086 3280 lulianus
1101 3241 1215 3300 propter
1233 3225 1372 3297 regulum,

326 3318 356 3350 re
370 3297 533 3368 opponitur,
557 3299 619 3350 licet
631 3297 659 3350 io
672 3296 706 3350 [r.
722 3294 753 3348 13
766 3300 792 3362 §.
810 3296 824 3347 l
868 3316 950 3368 quarn
965 3295 1082 3352 Rutilius
1095 3296 1203 3368 quidam
1218 3295 1371 3351 constitue·

326 3367 370 3420 De
382 3366 457 3419 inoff.
471 3375 531 3418 test.
548 3367 571 3428 5,
584 3367 601 3418 2
615 3367 746 3435 legamus,
764 3367 824 3417 titu·
866 3378 925 3427 rat,
943 3366 1089 3436 possessori
1102 3367 1213 3428 tribuit,
1237 3364 1369 3416 dummo-

326 3433 385 3489 lum
398 3453 448 3506 pro
469 3435 623 3505 possessore
645 3434 771 3488 omnibns
791 3433 823 3504 ti·
861 3431 902 3489 'do
917 3433 1015 3488 mulier
1029 3435 1144 3504 pretium
1158 3437 1296 3492 retineret.

325 3503 415 3568 tulis,¹
439 3502 555 3574 denique
587 3515 613 3557 et
639 3512 703 3576 pro'
720 3514 824 3556 emtore
897 3522 951 3572 pro
963 3506 1099 3573 emptore]
1127 3504 1218 3566 Emtio
1231 3513 1256 3557 et
1271 3498 1368 3555 vendi·

326 3572 434 3628 haerere
452 3583 480 3627 et
499 3573 574 3642 quasi
592 3572 743 3626 iniunctum
767 3591 823 3625 esse
865 3572 905 3626 tio
919 3572 1032 3631 exsistit,
1058 3573 1120 3644 quia
1138 3586 1227 3628 emtor
1244 3571 1373 3642 pretium

255 3651 262 3660 “
325 3641 501 3697 Schrader
519 3645 538 3694 1.
552 3645 571 3696 Ι.
604 3637 688 3695 ,182Ι
740 3654 744 3660 ’
866 3641 986 3700 dederit,
1003 3644 1206 3696 venditrisrem
1221 3639 1373 3696 tradiderit

360 3710 500 3764 Proculus'
527 3662 601 3784 etcs
632 3709 766 3764 Proculus
796 3720 823 3764 et
865 3710 899 3764 ir.
914 3709 948 3764 25
964 3709 989 3776 5.
1008 3711 1022 3762 1
1041 3709 1084 3764 De
1096 3724 1185 3766 contr.
1201 3719 1264 3764 emt.
1283 3709 1375 3772 18,t·‚

273 3811 277 3820 ι
326 3779 434 3842 Celsus,
466 3780 512 3849 qui
547 3781 604 3853 lege
628 3779 739 3834 Claudia
768 3778 821 3832 iam
864 3779 945 3833 sr.ll
965 3777 1265 3847 §.2§.131)eA.E.
1287 3777 1376 3842 ¹215

325 3847 427 3902 sancita
446 3849 605 3918 viguerunt,
636 3869 714 3912 eum,
741 3847 821 3918 qnia
864 3859 1047 3922 quapropter,
1076 3849 1143 3904 dum
1164 3849 1294 3904 traditam
1309 3866 1375 3900 rem

325 3917 439 3996 muliere
457 3918 515 3970 sine
542 3919 639 3972 tutoris
661 3918 822 3994 auctoritate
864 3937 921 3972 non
935 3917 1030 3990 repetit
1046 3921 1157 3984 mulier,
1181 3907 1376 3988 illeproem·

227 4005 237 4018 ·
323 3997 432 4045 emerit,
470 4005 519 4058 pro
546 3998 651 4041 emtore
676 3986 821 4058 possidere,
863 3997 926 4046 tore,

323 4073 380 4108 non
408 4073 476 4110 vero
507 4075 653 4127 usucapere
687 4055 819 4110 scribunt.
863 4006 959 4110 emti

961 3986 1060 4041 ossidet
1081 3988 1118 4045 fr.
1136 3988 1163 4043 2.
1176 4007 1227 4072 pr.
1249 3984 1291 4040 D.
1315 4005 1377 4058 pro

323 4121 376 4178 Lex
391 4123 464 4188 enim
478 4120 588 4179 Claudia
601 4134 760 4194 agnatorum
779 4134 820 4178 tu·
914 4055 1030 4180 uod'eil
1051 4123 1155 4192 uerriss]
1178 4119 1215 4176 Pr
1234 4121 1318 4180 culus
1345 4133 1377 4178 et

323 4193 404 4248 telam
430 4194 573 4248 sustulerat
591 4191 651 4248 Gaii
678 4193 701 4246 l.
724 4192 745 4253 1,
760 4192 819 4252 157.
862 4144 955 4249 Celsus
967 4194 1115 4248 emtionem
1137 4141 1289 4246 nonbona
1313 4192 1376 4246 fide

324 4261 390 4327 1⁷1,
414 4262 487 4326 unde
499 4261 633 4334 prohibita
645 4280 703 4316 esse
717 4260 818 4316 desine·
859 4263 975 4327 laetam,
991 4261 1109 4334 ideoque
1123 4279 1180 4315 non
1194 4261 1286 4316 bonae
1303 4259 1377 4314 fidei

320 4351 351 4386 re
374 4330 466 4388 debuit
492 4331 622 4404 usucapio
644 4349 737 4386 rerum
761 4331 817 4390 illa·
861 4332 970 4406 quidem
984 4331 1184 4415 possessionem
1196 4337 1308 4394 natam,
1326 4331 1378 4386 ni·
