2822 5102
327 369 380 448 t·
508 369 762 447 VATICANA
787 367 1092 448 FRAGMENTA
1117 367 1151 469 1.
1181 385 1214 446 2.
1255 359 1274 376 ''

328 559 394 664 qui
410 561 568 664 pretium
586 560 732 656 mulieri
746 559 921 653 dedisset,
947 545 1056 638 atiani
1070 572 1285 657 usucapere,
1319 573 1362 649 et,

330 667 362 738 si
379 680 461 738 ante
475 664 732 762 usucapionem
754 659 884 736 offerat
906 663 1037 734 mulier
1059 653 1278 762 pecuniam,
1304 660 1364 732 de—

222 777 227 794 ''
332 771 447 840 sinere
462 793 546 840 esim
565 789 773 862 usucapere.
788 761 804 866 Ι.
981 803 983 814 ·
1183 792 1187 802 ’

434 865 484 968 [§
506 864 562 966 2.]'
611 865 684 940 Ρ.ὁ
708 867 772 940 lib.
799 867 860 940 lll.
885 866 962 938 R.⁶
988 863 1162 938 Usuraed
1191 860 1365 935 ueriditori

332 1022 347 1066 ⁶
366 1020 534 1107 Papiniani
555 1022 615 1105 hop
632 1020 849 1098 fragmentum
869 1037 938 1080 esse
953 1014 1170 1078 demonstravi
1182 1013 1365 1093 infirmasse

385 1104 411 1169 I.
426 1117 504 1167 text.
517 1105 556 1166 ad
570 1117 635 1166 not.
654 1113 691 1171 39
708 1125 794 1189 seqq.
850 1114 863 1146 ⁶
885 1101 972 1181 Sigla
986 1104 1018 1164 R
1031 1114 1103 1181 aut,
1126 1103 1174 1162 uti
1193 1103 1225 1162 h.
1239 1101 1276 1179 1.,
1307 1098 1368 1160 Rs-

366 1253 370 1261 ,
385 1213 570 1274 sponsorum
584 1192 657 1254 Vat.
672 1190 710 1252 11.
724 1187 763 1249 de
778 1188 877 1251 tisuir.
891 1211 923 1273 p.
939 1201 965 1264 1,
981 1189 1000 1250 1.
1020 1201 1076 1264 12,
1097 1209 1129 1272 p.
1143 1200 1172 1265 8,
1187 1187 1207 1246 l.
1226 1193 1263 1264 43
1285 1183 1323 1254 de
1337 1203 1367 1244 re

387 1277 500 1340 uxoria
514 1298 544 1371 p.
561 1277 688 1354 8,1.31,
711 1297 741 1359 p.
757 1275 820 1346 4,1.
837 1285 893 1349 so,
918 1271 958 1335 de
971 1274 1227 1356 cognitoribusp.
1237 1284 1268 1344 2,
1282 1271 1303 1333 l.
1321 1279 1366 1346 15,

390 1373 445 1439 16,
464 1374 521 1438 22,
541 1367 599 1439 tl,
618 1373 675 1439 29,
700 1369 755 1421 aut
775 1355 936 1444 respondit
956 1359 1134 1438 significare
1152 1358 1235 1419 solet
1248 1363 1314 1421 Vat.
1332 1357 1367 1416 11.

335 1477 482 1536 sisimilitel
496 1476 531 1535 ita
545 1477 612 1530 haec
626 1476 717 1548 regula
731 1474 833 1528 aRuti·
912 1483 955 1538 et,
978 1475 1004 1527 sr‘
1021 1483 1088 1528 ante
1109 1476 1173 1542 etc.]
1198 1474 1228 1525 ln
1249 1471 1367 1527 omuibus

251 1599 255 1606 .
280 1550 283 1594 l
336 1549 374 1610 lio
402 1546 508 1602 delinita
532 1545 596 1600 suit:
630 1547 772 1614 ei,'quem
795 1543 834 1598 rei
877 1543 1070 1607 contractibus,
1087 1545 1134 1597 ubi
1149 1553 1259 1596 mutuae
1274 1540 1367 1610 obliga·

337 1616 500 1674 uenditaeet
515 1615 627 1670 traditae
640 1614 759 1685 exceptio
778 1624 835 1666 tue·
870 1613 964 1682 tiones
987 1624 1151 1676 nascuntur,
1180 1611 1316 1680 negotium
1343 1627 1369 1662 ex

337 1697 397 1749 tur,
432 1684 584 1757 publiciana
615 1685 644 1736 in
677 1701 734 1736 rem
764 1683 834 1736 actio
868 1689 934 1734 'uno
949 1692 1053 1734 tantum
1066 1682 1147 1736 latere
1162 1691 1281 1748 constat,
1308 1677 1371 1730 siin

337 1753 477 1826 Competit.
520 1754 550 1807 si
568 1754 637 1808 hanc
650 1753 835 1806 coniecturam
877 1752 959 1804 altera
991 1761 1047 1804 arte
1064 1745 1203 1822 persona,'
1220 1768 1288 1820 quae
1308 1757 1369 1800 tute-

274 1861 279 1876 .
338 1823 530 1895 accipiamus.'
553 1842 595 1876 res
616 1823 644 1874 io
668 1832 760 1893 aperto
786 1830 834 1872 est.
880 1821 920 1873 lae
940 1770 989 1872 vel
1000 1823 1080 1873 cu'rae
1098 1820 1217 1873 subiecta
1240 1819 1288 1880 sit,
1319 1816 1371 1869 sine

297 1897 309 1906 “
338 1889 511 1946 Emta'enim
539 1902 565 1950 et
592 1889 688 1945 tradita
713 1908 757 1940 res
778 1888 837 1950 suit,
879 1889 977 1942 tutoris
1026 1889 1184 1944 anctoritate
1236 1886 1362 1941 contraxit

358 1961 509 2030 ratiumque
523 1971 708 2022 numeratum,
740 1968 766 2011 et
778 1977 837 2010 mu·
880 1957 950 2011 lluic
977 1957 1050 2012 enim
1079 1957 1218 2028 negotium
1247 1973 1371 2010 revocare

291 2027 296 2036 ⁸
338 1981 399 2083 lieri
413 2047 472 2082 rem
485 2029 642 2087 vindicanti,
660 2029 681 2080 si
694 2028 837 2110 qonobtu-
880 2027 1059 2099 permittitur,
1114 2028 1156 2079 uia
1179 2024 1373 2092 nomobtigau

339 2098 567 2170 len'tpeouniam‚
598 2098 740 2168 multoque
752 2096 837 2166 magis
880 2105 920 2150 est
939 2096 999 2149 Gaii
1019 2097 1040 2167 1.
1061 2096 1112 2158 111,
1139 2094 1287 2154 107,1oa‚
1313 2093 1373 2156 176,

339 2167 437 2239 auique
453 2167 496 2219 alii
509 2166 574 2220 haec
593 2167 713 2238 exceptio
734 2165 837 2286 opponi
878 2184 922 2288 pp.
942 2166 964 2218 l.
986 2165 1018 2218 de
1038 2177 1108 2220 auct.
1129 2175 1179 2218 tut.
1197 2167 1220 2224 1,
1234 2164 1283 2227 213
1313 2164 1372 2221 11,1

359 2237 444 2301 otuit;
471 2235 534 2288 iude
551 2235 699 2289 rectissime
719 2236 748 2286 lu
761 2233 836 2286 ianus
908 2254 1001 2288 erese.
1017 2234 1098 2290 vend.
1114 2234 1155 2294 18,
1169 2233 1200 2298 53
1216 2234 1251 2286 lr.
1267 2231 1298 2286 13
1310 2231 1372 2299 §.29

337 2255 393 2360 loe
411 2323 475 2358 casu
495 2304 651 2366 concludit,
683 2323 760 2365 eum,
780 2301 836 2372 'qui
878 2304 921 2356 De
935 2308 968 2357 A.
982 2304 1014 2356 E.
1033 2303 1117 2368 19,1;
1142 2302 1368 2356 sr.'66l)esolut.

338 2370 492 2445 publiciana
510 2373 548 2424 uti
568 2374 652 2444 possit
676 2372 757 2425 etiam
774 2391 835 2424 usu·
878 2373 922 2432 46,
936 2373 962 2426 8.
1001 2371 1177 2445 Quapropter
1190 2373 1271 2425 etiam
1286 2370 1366 2423 mulie·

338 2461 437 2513 capere
471 2461 544 2504 osse,
573 2442 608 2494 11.
627 2441 643 2494 8
663 2443 689 2510 §.
706 2447 736 2500 1,
766 2439 836 2493 let
874 2435 901 2496 ‘ri
918 2433 1032 2514 puberi,
1056 2461 1125 2514 quae
1144 2441 1363 2495 sinetutorerem

339 2509 424 2578 §.17.
479 2530 491 2563 e
530 2511 661 2564 ubliciana
680 2510 743 2575 6,8.
778 2509 836 2562 Nec
878 2510 995 2582 mancipi
1022 2511 1112 2565 manci
1134 2511 1189 2565 avit
1218 2521 1244 2563 et
1271 2507 1368 2562 tradidit

307 2581 312 2602 ³
338 2577 434 2643 refert,
461 2597 495 2634 an
511 2530 757 2634 lundusltalicusa
777 2575 835 2631 rriu-
877 2581 1075 2652 possessionem
1103 2529 1244 2632 alienatam
1268 2596 1369 2632 revoca·

339 2647 404 2702 liere
422 2647 456 2702 sit
485 2649 652 2718 mancipatus
670 2659 696 2702 et
715 2648 837 2710 traditus,
878 2669 909 2702 re
931 2650 1007 2712 licet,
1031 2668 1088 2701 non
1106 2667 1172 2702 vero
1193 2649 1270 2702 aliter
1285 2647 1320 2702 11.
1335 2645 1369 2698 14.

340 2728 386 2770 aut
401 2718 485 2770 modo
500 2717 621 2772 traditus.
669 2717 835 2788 Manoipatio
878 2719 921 2770 De
936 2719 1017 2771 cond.
1033 2717 1089 2770 ind.
1108 2716 1195 2783 126,
1220 2717 1272 2772 nisi
1291 2715 1370 2790 pretio

251 2837 256 2858 Ι
341 2787 427 2851 enim,
457 2787 479 2838 si
499 2783 640 2840 imuliere
660 2787 717 2839 sine
738 2785 855 2839 tutoris·
879 2787 984 2840 reddito
998 2787 1036 2838 11.
1056 2786 1088 2838 18
1110 2786 1153 2838 De
1172 2787 1230 2838 reb.
1247 2805 1306 2839 eor.
1323 2785 1370 2853 qui.

314 2855 498 2910 ,auctoritate
530 2855 564 2907 sit
590 2855 737 2918 celebrata,
779 2865 836 2906 tan·
879 2856 923 2919 27,
941 2854 975 2920 9;
1005 2853 1064 2908 Gaii
1084 2855 1106 2908 1.
1135 2855 1170 2918 11,
1190 2854 1234 2908 84.
1291 2853 1372 2907 Prius·

279 2948 283 2954 ·
339 2941 421 2995 quam
434 2923 597 2994 mancipatio
612 2911 688 2978 irr'ita
705 2933 758 2987 est,
790 2921 837 2976 sed
880 2944 961 2996 quam
986 2924 1082 2977 mulier
1101 2923 1128 2976 id
1150 2925 1258 2986 offerat,
1294 2935 1374 2976 emtor

338 2993 411 3046 salet
432 3003 560 3063 tauquam
588 2992 695 3046 traditio
722 2993 781 3046 Vat.
802 2989 835 3042 11.
879 2995 938 3048 iure
977 2993 1153 3046 ostensionem
1175 2994 1288 3052 retinet,
1320 3003 1345 3046 et
1356 2990 1374 3044 si

357 3059 438 3125 .264,
455 3061 563 3128 62591
593 3059 672 3132 Opus
684 3072 773 3116 autern
785 3058 838 3112 fuit
880 3013 989 3117 biennlo
1008 3061 1126 3114 luridum
1143 3062 1265 3115 Italicum
1292 3079 1374 3135 posse·

357 3131 510 3211 aopropria
520 3129 620 3201 regula,
638 3131 701 3201 quia
716 3151 745 3183 ex
762 3147 836 3183 com·
880 3133 931 3194 dit,
962 3131 1126 3202 usucapione
1147 3131 1269 3201 impleta,
1297 3139 1375 3184 cessat

339 3200 467 3254 munibus
492 3199 641 3271 praeceptis
665 3199 750 3252 malae
775 3197 836 3250 fidei
880 3200 984 3254 mulieri
1012 3200 1053 3263 ius
1084 3199 1247 3254 'auferendae
1277 3217 1374 3272 posses·

337 3285 478 3351 possessor
495 3269 845 3340 uunquam‘publieianam
879 3269 971 3327 sionis.
1013 3292 1018 3303 ·

336 3355 366 3390 m
396 3355 454 3393 rem
482 3337 615 3390 actionem
643 3336 729 3390 hahet.
761 3335 795 3390 11.
820 3335 837 3387 7
913 3338 1028 3406 tisserius]
1063 3345 1108 3392 aut
1137 3357 1201 3391 oum
1231 3337 1374 3397 obtulisset,

336 3409 364 3474 §.
382 3406 565 3460 11....17,1).
583 3406 643 3458 eod.
679 3405 717 3457 Ex
729 3405 836 3459 hauve·
859 3416 1022 3478 “emtorque
1071 3406 1192 3478 accipere
1241 3407 1371 3466 noluisset,

337 3489 371 3529 ro
389 3475 482 3546 regula
497 3475 601 3528 etiamsi
617 3487 678 3528 ante
696 3475 834 3546 impletam
876 3495 989 3546 eamque
1005 3476 1188 3557 obsignaverit
1204 3488 1228 3530 et
1246 3476 1370 3547 deposue-

335 3545 530 3616 usucapionem
543 3544 737 3615 possessionem
746 3553 835 3596 emtor
875 3546 911 3598 rit
924 3565 948 3598 c.
961 3548 973 3596 1
984 3545 1015 3598 G.
1031 3563 1075 3614 qus
1090 3555 1146 3616 pot.
1160 3544 1189 3597 in
1203 3546 1279 3620 pigo.
1294 3545 1321 3608 8,
1338 3543 1377 3605 123

336 3613 471 3676 emiserit,
490 3613 641 3685 publicisne
655 3613 761 3666 actione
774 3629 833 3664 eam
874 3613 910 3668 11.
924 3615 957 3665 18
970 3617 996 3680 §.
1013 3615 1027 3666 1
1046 3613 1087 3666 De
1101 3614 1172 3667 adm.
1188 3625 1214 3666 et
1235 3614 1326 3696 peric.
1340 3613 1378 3673 26,

337 3699 352 3732 a
368 3682 500 3752 quolibet,
523 3683 611 3734 immo
629 3681 770 3734 antuliere
784 3679 833 3734 sibi
875 3682 901 3742 7.
940 3682 1050 3735 Ol'ferre
1062 3682 1135 3734 enim
1151 3702 1261 3754 proprie
1279 3683 1379 3736 dicitur

305 3811 306 3816 ¹
336 3749 499 3815 vindicabit3
529 3766 590 3803 nam
607 3751 788 3821 exceptionem
804 3749 834 3802 il·
877 3753 983 3806 debitor
1005 3751 1131 3804 creditori
1145 3752 1291 3823 pecuniam
1310 3750 1379 3804 dehi-

335 3817 388 3872 lius
406 3819 468 3871 iusti
490 3820 603 3872 dominii
623 3821 657 3872 11.
678 3819 754 3872 161).
771 3818 833 3871 eod.
877 3831 948 3880 tarn,
979 3821 1052 3902 quod
1072 3819 1115 3874 vel
1135 3820 1164 3872 in
1177 3821 1235 3874 im!
1248 3820 1294 3876 vel
1312 3829 1380 3873 extra

335 3887 508 3957 replicatione
527 3883 598 3948 doli,
629 3890 651 3941 si
673 3907 729 3941 non
746 3887 833 3940 reddi·
876 3890 918 3942 ius
941 3889 997 3942 liert
1023 3895 1140 3960 potest·
1169 3889 1381 3942 Brissonins

335 3954 405 4008 derit
430 3957 545 4027 pretium
567 3958 687 4011 solutum
707 3958 829 4029 perimet.
876 3961 903 4012 lr.
921 3977 944 4010 υ.
960 3960 1016 4025 §.l
1038 3957 1074 4012 cl.
1091 3957 1244 4024 Vat.lr.'§.
1264 3957 1314 4010 96.

332 4024 448 4096 Arg.lr.
464 4025 658 4079 8801110111.
674 4025 807 4089 aot-24.
909 4031 1034 4080 desinere
1067 4045 1131 4080 eum
1162 4029 1249 4096 nsua]
1288 4027 1383 4080 Maior

368 4095 466 4162 const]
498 4094 704 4149 Constitutionis
732 4113 831 4151 vocem
871 4097 955 4167 'igitur
982 4098 1092 4150 effectus
1123 4106 1163 4150 est
1190 4095 1347 4150 oblationis
1372 4113 1385 4145 a

331 4159 470 4216 interdum
487 4163 681 4234 fignificatione
693 4164 800 4236 regulae
816 4183 832 4216 a
875 4163 990 4220 muliere
1001 4165 1095 4225 laetae,
1116 4183 1197 4236 quam
1211 4162 1384 4236 quaestionis

331 4227 398 4284 tcto
420 4233 574 4304 propositae
600 4234 693 4288 renim
715 4243 829 4287 constat.
875 4234 987 4288 dominii
1002 4245 1101 4288 motae.
1137 4223 1189 4287 lllo
1206 4252 1273 4288 casu
1287 4235 1385 4287 statim

330 4295 484 4354 Dirlrsen
508 4303 527 4354 1.
547 4303 566 4352 1.
608 4297 773 4374 ,177seq.,
795 4301 829 4356 11.
874 4303 1003 4376 usucapio
1017 4303 1234 4376 interrumpitur,
1251 4301 1385 4356 bocusu·

332 4367 365 4420 16
378 4363 571 4438 1111111147,
585 4319 611 4424 i.
801 4391 803 4398 ·
875 4372 968 4446 capio.
1005 4372 1069 4426 licet
1098 4357 1235 4429 interdurir
1267 4370 1386 4426 trustra.
