2822 5102
314 313 387 444 ω
683 371 970 450 enarrarre.
1061 465 1064 472 ,
1103 389 1106 400 ·

254 587 256 590 ·
312 552 429 682 rum
461 569 510 645 ot
544 551 737 651 Codicis
766 557 1089 681 tractaverint
1105 587 1137 647 ¹¹.
1196 559 1255 650 ln
1281 589 1367 650 vo-

305 704 377 798 tis
407 731 612 827 quoque
650 705 923 798 habueram
957 708 1019 798 ad
1061 710 1216 824 legem
1254 703 1369 799 Cin·

304 856 440 952 'ciam
463 858 707 950 nonnulla
730 858 784 950 in
799 859 1035 978 peculiari
1053 889 1263 966 excursu
1283 863 1367 956 de-

309 1031 565 1132 promere,
590 1007 684 1101 ¹sed
708 1041 868 1130 quum
890 1041 972 1103 me
989 1042 1154 1136 neque
1171 1009 1266 1107 alia
1279 995 1365 1110 ne-

311 1186 411 1283 que
434 1161 661 1276 meliora,
697 1193 851 1284 quam
873 1163 1002 1285 quae
1025 1166 1362 1260 recentissime

240 1319 245 1331 '
284 1319 396 1436 llll:
435 1317 616 1408 flasse
662 1315 879 1408 ediderat
894 1329 933 1430 ¹,
985 1318 1242 1412 adnotasse
1280 1351 1359 1412 eo-

250 1504 256 1516 *
308 1449 600 1584 gunteram,
642 1489 769 1587 quae
802 1465 1101 1588 scripseram.
1122 1469 1359 1564 lubentis-

306 1613 428 1712 sime
449 1613 619 1708 delevi.
735 1681 739 1686 -
795 1634 798 1640 '

306 1981 309 1988 .
414 1891 475 1983 ln
507 1867 744 1983 fontibus
761 1887 881 1979 iuris
919 1887 1072 2008 civilis
1103 1889 1356 1982 anteiusti-

301 2042 466 2136 nianei
508 2041 769 2157 allegandis
814 2067 1007 2160 semper
1035 2040 1163 2132 lure
1205 2035 1353 2133 Civili

300 2190 729 2286 Anteiustinianeo
767 2219 887 2282 usus
937 2221 1072 2304 sum,
1133 2193 1351 2312 exeeptis

107 2290 110 2304 Ι
259 2391 263 2404 ·
298 2321 524 2464 quinque
540 2339 790 2469 prioribus
804 2337 1133 2438 Theodosiani
1152 2335 1352 2432 Codicis

214 2481 215 2486 Ν
295 2495 456 2610 libris,
502 2523 723 2616 quorum
755 2490 905 2584 editio
946 2491 1008 2584 ab
1042 2491 1131 2581 Ill.
1171 2490 1350 2584 Wen·

294 2649 426 2744 ckio
456 2660 641 2773 curata,
674 2642 1347 2764 praestantissimasemper,

292 2801 333 2894 si
355 2830 463 2894 non
485 2790 619 2892 aliud
640 2773 897 2908 adnotavi,
943 2825 972 2886 a
991 2825 1072 2886 me
1092 2795 1345 2892 intellecta

291 2969 378 3047 est.
420 2949 530 3048 Gaii
544 2947 925 3066 institutionum
943 2943 1343 3043 Commentarios

289 3131 350 3193 ex
388 3096 627 3212 secunda,
647 3159 653 3212 3
676 3091 869 3214 Corpus
904 3094 1032 3186 Iuris
1072 3093 1238 3189 Civilis
1277 3129 1335 3192 ex

288 3251 601 3368 Gottingensi
615 3249 830 3376 editione
846 3247 1005 3340 citavi.
1046 3249 1105 3342 In
1119 3251 1341 3350 fontium

288 3403 431 3522 locis,
471 3429 599 3524 quos
624 3427 766 3518 saepe
787 3413 901 3518 post
923 3393 1230 3516 Brissonium
1253 3403 1339 3495 ad-

287 3555 428 3670 duxi,
464 3553 594 3650 hanc
616 3549 863 3650 rationem
886 3564 1080 3661 secutus
1103 3581 1236 3670 sum,
1273 3573 1340 3649 ut

327 3827 519 3898 ”Wenck
555 3832 576 3890 l.
601 3830 622 3891 l.
656 3827 984 3911 p.1384,p.·13863
1025 3811 1233 3891 Schrader
1251 3819 1283 3896 't
1308 3837 1333 3897 l.

367 3971 400 4036 p.
417 3961 487 4016 170.

323 4119 559 4183 *thinisches
577 4113 726 4180 Murrum
755 4111 794 4175 T.
807 4110 833 4176 Ι.
862 4112 979 4176 Fascio.
1005 4111 1118 4202 111,p.
1146 4130 1204 4186 185
1233 4142 1262 4184 st
1273 4143 1331 4212 qq.

365 4237 553 4329 praesertim
566 4239 590 4320 t.
607 4237 707 4318 omi.
725 4243 782 4314 16,
804 4242 837 4296 et
850 4231 874 4318 l.
891 4233 942 4301 ἑο.
