2724 5106
240 297 878 470 axunrr0.p.2,.r.c...1.i.
1027 371 1074 443 rs

73 573 201 656 cogetur,
238 559 376 632 tametsi
396 557 421 628 'p
442 559 598 634 mexirm
617 549 855 634 ‘fideiussores
884 559 1074 634 cuictionis

71 657 248 753 offerantur,
273 678 307 734 et
320 655 758 764 tiguoranslpossidere'
774 661 943 762 coeperit.
979 661 1073 740 Nom

18 851 19 860 ¹
69 839 80 882 t
95 825 153 909 big.
164 830 423 910 nisifideiussoree
436 833 538 894 idonei
547 835 732 894 avenditore
741 834 808 894 eires
818 835 979 894 evictionis
990 827 1073 912 offe-

106 928 207 978 rentur.
241 911 291 978 Ita
313 915 519 977 confirmatur
538 914 724 978 Florentino
743 914 855 994 lectio,
884 935 985 1000 quum
999 913 1073 976 Ha·
1184 969 1200 992 ,

106 999 216 1062 loauder
237 1009 271 1062 et
288 1001 407 1080 Vulgg.
425 1003 553 1081 tegunt:
582 1005 742 1064 evictionis
761 1005 892 1063 nomine.
941 1009 958 1057 t
980 999 1071 1064 Hauc

106 1082 353 1148 roculamaddidi
366 1107 422 1170 pro
435 1108 518 1165 oum,
540 1083 626 1171 quod
643 1081 710 1146 Mai
721 1085 893 1170 supplevit.
948 1081 1001 1148 Sic
1013 1085 1071 1148 iu·-

108 1168 270 1252 iraqucndo
285 1175 421 1234 donator
433 1183 491 1232 etc.
507 1192 539 1256 p.
556 1182 586 1248 7,
598 1171 620 1232 l.
636 1181 675 1236 28
693 1190 760 1246 ¹vox
773 1166 994 1254 etouppleuda
1010 1183 1069 1234 est.

112 1265 121 1294 ¹
138 1253 201 1317 bote
212 1259 374 1340 possidere
396 1255 543 1318 scribitur
558 1269 638 1339 pcto
663 1259 750 1334 (turn
770 1251 911 1334 deletur)
926 1267 999 1340 post
1014 1275 1071 1318 ra·-

115 1355 192 1402 suram
201 1339 370 1416 videlicet,
390 1343 449 1404 sub
463 1361 525 1426 qua
537 1341 625 1426 prior
637 1339 759 1404 exstitit
773 1360 847 1424 pars
859 1336 958 1402 deleti
969 1361 1070 1402 voca-

114 1421 172 1502 tot,
195 1439 224 1490 ut
248 1423 397 1503 videtur,
433 1433 560 1506 antici„
581 1443 699 1511 nempe
714 1429 925 1508 anticipator·

68 1607 149 1656 usurae,
172 1605 197 1662 ut
215 1593 357 1651 venditori
376 1593 526 1655 solvantur,
569 1589 629 1650 'eam
648 1603 832 1650 censoresue
850 1593 994 1650 defendere
1016 1610 1071 1654 stu·

66 1661 235 1731 comprehendit.
260 1663 304 1717 De
314 1663 367 1718 boc
380 1662 472 1717 olsrcio
488 1663 525 1720 cl'.
570 1663 631 1727 det;
651 1664 697 1717 sed
712 1673 738 1717 et
752 1661 849 1716 luliani
863 1665 931 1718 ratio
944 1665 973 1718 in
988 1665 1022 1720 ir·
1038 1671 1071 1724 ll

63 1745 121 1798 supra
134 1733 226 1798 §.iet
247 1732 321 1788 iulia
337 1738 363 1801 §.
385 1733 477 1798 173ct
494 1733 528 1787 de
569 1731 645 1799 §.18
665 1732 707 1786 De
728 1731 763 1786 A.
783 1727 816 1784 E.
839 1732 909 1796 19‚1
950 1737 1071 1808 roposita

63 1804 242 1856 nocerestituere
266 1802 346 1855 Bris
356 1822 367 1854 s
376 1821 392 1854 ο
402 1803 480 1854 nius
498 1805 525 1854 b.
570 1801 880 1857 esndemc'ommendore
890 1753 997 1858 vidtur
1010 1803 1070 1858 Μ

63 1885 80 1918 o.
91 1870 110 1933 t.
123 1873 133 1922 l
145 1882 168 1924 et
180 1871 211 1926 ir.
223 1870 280 1927 17⁵
291 1871 315 1935 5.
333 1873 346 1923 1
361 1870 404 1924 De
416 1869 450 1922 R.
465 1871 489 1926 1.
568 1890 610 1942 pr.
627 1871 665 1924 D.
679 1871 740 1925 eod.
767 1870 892 1925 Forsitan
906 1883 998 1944 postca
1014 1874 1071 1946 ipse

85 1942 181 2009 cogetur]
210 1962 255 1996 sc.
284 1939 387 1994 venditi
414 1938 524 1994 iudicio.
555 1945 634 2012 'Pap
658 1959 735 1994 suam
759 1941 918 1994 sententiam
945 1943 1069 2001 urutavit.

63 2003 329 2072 Erico-elustiniaoeo‚
353 2009 416 2062 licet
428 2008 542 2079 evictio¹
589 2010 644 2063 uod
658 2027 714 2061 non
731 2007 812 2061 semel
827 2008 892 2062 fecit
911 2009 946 2064 fr.
966 2011 984 2063 6
1004 2014 1030 2078 §-
1054 2015 1069 2065 1

67 2071 180 2142 luoioeat,
207 2099 266 2132 nou
291 2079 381 2131 solum
402 2077 527 2148 pretium,
569 2029 696 2134 deserv.
713 2097 742 2130 es
764 2076 1068 2146 ,18,⁷;c.es§.e.c.
1177 2109 1179 2123 ·

71 2143 174 2202 odeum
188 2167 284 2202 usuras
302 2167 318 2199 a
334 2157 474 2199 momento
488 2147 527 2200 rei
569 2148 603 2201 de
614 2147 691 2200 luctis
702 2095 770 2210 (ἧς
787 2143 833 2200 Cu
843 2145 927 2199 iacii
941 2147 1019 2202 orso.
1035 2149 1069 2209 ll.

71 2219 289 2272 eooeooadirae
307 2214 434 2270 venditor
452 2233 527 2288 prae·
570 2215 856 2278 suscensere.
872 2217 890 2268 l.
905 2235 933 2285 p.
956 2218 1005 2271 176
1022 2217 1068 2271 tri·
1102 2233 1106 2244 ¹

68 2288 256 2354 storecogendus
287 2296 336 2339 est.
386 2281 526 2338 Weber
567 2285 769 2340 bonianismum
787 2285 815 2337 in
835 2281 869 2338 lr-
894 2285 927 2340 18
949 2290 977 2368 ᾗ.
999 2285 1068 2344 11).

65 2349 78 2400 l·
88 2351 100 2401 1·
110 2353 257 2424 pidinota
272 2357 305 2407 11
321 2354 411 2424 ibique
426 2353 482 2406 cto.
568 2357 612 2410 cit.
628 2353 763 2426 agnoscit,
792 2353 889 2407 ductus
910 2353 1033 2408 Blulrm
1043 2355 1068 2409 ii

90 2424 398 2492 tometss':..offer·ontur]
437 2420 526 2479 Locus
567 2423 672 2479 ratione
687 2423 746 2486 illa,
763 2423 913 2476 secundum
928 2423 1068 2494 quamPa·

68 2481 198 2556 Digestorum
208 2495 312 2550 'citatus
323 2491 358 2544 lr.
377 2491 408 2544 18
421 2490 445 2556 §-
462 2491 524 2544 tl).
567 2490 668 2565 piniani
681 2491 779 2562 scripta
789 2491 901 2544 niaxime
918 2509 974 2546 esse
983 2500 1069 2548 mutu·

71 2553 281 2620 litostratum
295 2561 397 2623 asserit,
416 2561 526 2630 eiusque
567 2573 593 2618 ta
602 2558 760 2614 alustiniaui
771 2560 995 2632 compilatoribus'
1007 2581 1068 2616 cen·

66 2620 119 2679 lectio
137 2649 186 2684 non
207 2644 247 2686 est
270 2630 430 2693 reiicienda,
482 2627 526 2682 uia
568 2641 617 2683 set.
634 2627 669 2682 cf.
678 2628 814 2680 Zer'tsctsri
823 2637 835 2678 t
835 2630 906 2698 fuer
914 2633 1068 2696 gereturoet.

65 2709 81 2746 t·
91 2695 115 2750 11
125 2697 157 2756 C.
167 2701 198 2756 de
218 2701 304 2756 evict.
325 2699 351 2758 8,
365 2700 400 2752 45
413 2648 526 2752 eandem
569 2699 709 2754 liecistsw.
721 2696 756 2749 T.
774 2697 786 2750 l
829 2717 855 2780 p.
871 2694 932 2750 347.

63 2763 135 2820 olibet
148 2771 315 2824 senteutiam.
364 2769 526 2830 Haeccema·
595 2767 776 2850 fideiussores
792 2769 943 2836 erectionis]
966 2787 1004 2825 sc.
1020 2787 1067 2822 no·

63 2847 105 2884 neo
124 2841 274 2894 constitutio
301 2839 374 2893 viem
393 2837 525 2890 ac¹ratio·
568 2856 652 2891 mone.
689 2833 842 2906 Sicpassim
857 2835 985 2907 legiruusr
1004 2837 1067 2890 fide·

62 2916 103 2954 oen
115 2909 232 2973 ostendit,
257 2927 312 2978 qua
323 2906 526 2975 illudDigesto·
569 2907 686 2960 iussores
701 2905 826 2958 emtionis
848 2923 862 2956 e
884 2925 908 2974 g.
922 2905 957 2958 fr.
971 2905 1006 2958 56
1024 2903 1068 2960 De
1142 2948 1149 2964 .

62 2971 201 3046 rtotragm.
222 2995 290 3032 cum
316 2988 410 3030 nostro
434 2973 525 3028 conci·
567 2975 646 3030 aedil.
669 2974 711 3028 ed.
729 2973 772 3035 21,
793 2977 817 3026 1.
853 2973 1010 3028 Fideiussor
1030 2976 1066 3028 ob

62 3033 147 3115 liaodum
176 3047 218 3100 sit.
273 3045 431 3098 Provocant
453 3043 526 3095 enim
569 3044 730 3097 evictionem
759 3041 836 3094 datus
861 3043 944 3116 vulgo
972 3053 1068 3100 auctor

63 3123 80 3157 tu
92 3109 125 3164 illo
144 3115 277 3188 rescripto
298 3113 387 3184 lmpp.
408 3111 442 3166 ad
461 3109 526 3164 iuris
569 3112 702 3166 secundus
721 3110 868 3182 appellatus
888 3121 927 3165 est
941 3111 1007 3166 sni
1024 3131 1067 3186 pr.

65 3183 228 3249 suctotitatem,
248 3183 321 3236 uude
333 3183 437 3235 elucere
453 3179 527 3236 vide·
546 3181 612 3250 ..De
627 3180 706 3235 evici.
723 3181 766 3242 21,
779 3179 804 3233 2.

68 3251 257 3308 uuotmriarn
271 3269 364 3321 -quam
386 3249 527 3322 Papiniani
605 3253 660 3317 r'gra
683 3267 757 3314 poss.
786 3249 875 3316 coen]
907 3248 942 3304 lr.
970 3245 1007 3301 74
1024 3248 1069 3302 De

70 3321 180 3374 eoooriam
193 3343 209 3375 a
224 3322 319 3374 multis
332 3319 397 3377 iuris
410 3317 526 3372 auctori·
570 3331 657 3373 contr.
672 3329 734 3372 emt.
754 3317 794 3378 18,
811 3319 833 3370 1.
877 3315 958 3371 Unde
981 3318 1068 3372 elucet

68 3374 245 3454 bastetaniam,
263 3391 291 3442 in
304 3388 366 3442 loro
380 3397 526 3458 receptum,
569 3407 584 3442 a
610 3387 751 3442 venditore
782 3385 978 3460 possessionem
1013 3387 1067 3440 ianr

64 3446 228 3525 ideoqueetiam
241 3459 525 3529 alligestorusnconr·
569 3477 625 3510 esse
637 3456 772 3510 traditam.
1077 3507 1081 3514 ,

60 3516 186 3638 &latoribus
200 3529 408 3598 comprobatam
432 3524 524 3578 luisse.
604 3527 757 3593 Nemeto]
785 3525 870 3588 Nam,
890 3523 1067 3606 inquitPap..
1094 3566 1105 3592 ,

96 3595 168 3648 euck
187 3599 215 3650 in
238 3595 274 3648 L.
297 3600 327 3646 t..
345 3595 380 3662 L
399 3615 425 3667 p.
448 3592 523 3649 1885.
568 3595 631 3648 licet
641 3593 773 3652 venditor'
785 3611 844 3647 rem
863 3591 1016 3654 tradiderit,
1041 3601 1068 3646 et
1141 3622 1148 3639 ο

58 3651 95 3722 Qui
110 3661 168 3718 illud
186 3663 346 3736 conceperit
365 3664 526 3735 rescriptum
569 3675 658 3720 emtor
671 3673 811 3714 auctorem
828 3679 909 3714 suum
924 3659 1066 3712 dominum

57 3721 106 3780 lucc
114 3731 249 3814 Papiniani
267 3735 359 3787 locum
377 3745 438 3788 ante
461 3750 525 3786 ocu·
568 3751 625 3786 non
639 3750 694 3784 esse
706 3732 828 3800 ignoret,
845 3730 959 3798 ideoque
973 3747 1067 3782 usuca·

56 3789 199 3856 losbabursse
214 3801 338 3866 videtur,
368 3803 429 3873 quia
444 3802 525 3855 verba
567 3800 656 3872 piendi
665 3799 851 3852 conditionem
859 3799 961 3860 habeat,
978 3809 1069 3850 tamen

55 3859 93 3916 eius
107 3872 222 3943 rescripti
242 3873 344 3924 mirum
364 3872 391 3924 in
411 3870 529 3923 modum·
569 3869 630 3952 quia
645 3879 705 3922 ante
718 3867 857 3940 impletam
871 3867 1068 3938 usucapionem

55 3946 100 3985 com
111 3951 198 3997 nostro
211 3941 277 3994 loco
290 3951 457 3994 consonante
481 3937 525 4002 „si
567 3939 600 3992 los
612 3947 707 3992 contra
720 3955 783 3992 eum
794 3937 949 3998 inchoetur,
966 3935 1068 3988 frustra

54 4002 227 4068 ootepreteirm
241 4020 413 4063 numeratum
428 4008 468 4061 rei
480 4027 526 4062 ve·
568 4007 762 4078 usucapionem
794 4000 955 4076 complebit,
1004 4003 1067 4076 qnia
1105 4063 1110 4070 .

54 4073 169 4129 uuordatae
190 4089 272 4131 mota
293 4076 376 4131 suerit
401 4078 526 4148 quaestio
568 4077 667 4150 petitor
712 4095 772 4130 eam
807 4079 917 4128 causam
951 4073 1067 4131 babebit.

55 4165 86 4188 ···
98 4159 152 4194 cum
171 4147 199 4199 in
219 4150 278 4214 ipso
299 4141 393 4199 limine
415 4156 524 4200 contra·
569 4159 650 4216 quarn
663 4144 802 4199 habiturus
816 4153 900 4206 esset,
919 4143 958 4206 si,
980 4157 1067 4224 quum

53 4211 97 4284 ‘lm
111 4213 254 4272 iamneae
274 4216 405 4270 evictio'’.
448 4213 525 4286 Papi·
567 4215 687 4285 primum
706 4216 734 4268 in
752 4231 810 4268 rem
830 4211 965 4266 actionem
992 4210 1065 4263 insti·

54 4287 198 4338 trenussane
211 4285 242 4338 in
255 4295 349 4338 nostro
364 4286 427 4338 loco
445 4303 526 4357 pecu·
568 4284 675 4346 ruisset,
704 4302 748 4336 res
761 4283 784 4336 ei
799 4279 895 4335 tradita
906 4279 999 4333 luisset
1008 4275 1067 4344 §.3

55 4335 127 4401 linem
148 4354 251 4424 proicit
274 4356 447 4418 sententiam,
461 4377 464 4384 ¹
478 4356 526 4426 qui
569 4353 591 4406 l·
606 4356 640 4408 de
654 4353 700 4408 off·
720 4353 776 4408 iud.
796 4341 894 4416 4»ῑῆΙ
913 4347 948 4402 fi·
966 4347 997 4402 ¹7
1009 4347 1034 4420 S·
1052 4347 1066 4398 ¹
1147 4369 1150 4381 '
