2752 5100
326 369 391 446 DE
415 367 786 448 COGNITORIBUS.
999 377 1076 449 887

47 571 85 632 ut
99 555 291 658 cognitoris
305 557 513 634 constitutio
534 555 704 658 legitimis
725 555 865 634 actibus
889 582 1074 632 accenseo-

49 675 105 732 tur
117 655 148 751 ¹¹,
174 659 269 734 unde
280 659 440 761 profecto
456 657 533 732 eius
545 659 665 761 prisca
681 660 781 760 origo
796 673 953 761 apparet.
976 661 1074 745 ¹Nam

49 761 249 854 necessitas,
291 776 331 834 ut
351 786 518 862 praesens
544 785 685 863 semper
714 777 805 835 esset
835 761 1001 834 dominus
1026 761 1074 836 ’od

46 861 200 936 dandum
214 863 452 962 cognitorem,
477 861 682 964 importuna
698 859 776 936 fieri
792 861 935 955 debuit,
962 863 1075 964 quum

44 963 129 1037 fines
142 964 360 1065 reipublicae
375 965 557 1040 Romanae
575 978 684 1037 totum
700 963 996 1064 amplecterentur
1004 961 1089 1052 lta-3¹

42 1065 147 1159 liant,
187 1066 261 1140 imo
285 1066 362 1140 cius
384 1065 473 1139 fines
505 1065 767 1182 egrederentur.
832 1065 922 1140 Mox
951 1065 1073 1166 igitur,

41 1193 154 1266 quum
167 1167 291 1244 Sicilia
307 1167 423 1270 prime
437 1168 624 1270 provincio
640 1166 766 1268 populi
785 1166 880 1241 facta
899 1184 1007 1260 esset,
1040 1173 1072 1259 ag

39 1277 234 1362 unita,
273 1268 349 1369 lege
365 1268 520 1343 Aebutia
535 1293 567 1344 e.
582 1293 618 1343 u.
636 1291 666 1344 c.
687 1280 759 1346 520
775 1267 847 1343 lata
859 1267 947 1370 legis
963 1271 1075 1344 actio*
1128 1343 1136 1354 ,

39 1395 104 1444 nes
132 1369 324 1470 abrogatae
358 1384 462 1464 sunt,
503 1385 538 1445 et
566 1395 663 1446 nunc
696 1369 840 1444 demum
878 1368 1074 1446 subtilitate

36 1495 161 1546 earum
176 1472 334 1565 sublata,
371 1498 484 1574 quum
499 1498 564 1575 per
578 1470 750 1557 formulas
764 1470 905 1574 litigare
921 1471 1074 1546 Ro'mani

34 1589 230 1674 coeperunt
247 1571 291 1668 ¹²,
333 1601 419 1650 usus
440 1589 712 1676 procuratorum
727 1574 897 1666 invaluit,
938 1573 1073 1676 quibus

34 1674 245 1748 mandatum
260 1676 377 1750 alieno
393 1677 537 1750 nomine
563 1675 694 1777 agendi
715 1690 751 1748 et
773 1701 837 1778 per
858 1677 1025 1750 nuntium
1039 1691 1075 1752 et

32 1803 101 1879 per
116 1777 303 1878 epistolam
317 1777 397 1854 duri
412 1779 531 1878 potuit
546 1774 580 1851 ¹³.
648 1777 763 1874 Sicuti
780 1792 901 1850 eutem
915 1799 1074 1870 arscen-
1129 1873 1133 1882 ῃ

33 1878 190 1954 tioribus
205 1881 378 1953 institutis
393 1905 532 1980 semper
554 1892 673 1954 vetera
695 1893 980 1973 summoventur,
1023 1883 1073 1955 si-

33 1979 171 2054 militer
194 1982 417 2082 cognitorum
439 1981 560 2056 locum
584 1979 801 2083 pedetentim
821 1997 1071 2081 procuratores
1137 1981 1147 1988 ”

31 2081 277 2186 occupabant,
311 2084 361 2158 ita
388 2097 428 2157 ut
451 2083 668 2157 Iustinianeo
693 2083 769 2155 iure
791 2083 886 2155 nulla
912 2087 1076 2186 cognito}

32 2186 86 2260 ris
103 2185 236 2258 mentio
253 2185 461 2288 reperiatur.
798 2183 802 2191 ’
921 2271 925 2287 ,

137 2287 238 2359 luvet
254 2287 558 2388 nunc-cognitoris
580 2300 744 2358 naturam
767 2285 971 2386 explicare,
1014 2286 1073 2360 di-

31 2386 286 2488 versitatesque
301 2390 377 2462 eius
392 2413 418 2460 a·
431 2401 660 2490 procuratore
676 2389 714 2460 in
736 2386 837 2460 litem
863 2387 946 2462 dato
971 2413 1081 2476 erue-³

31 2515 90 2582 re,
114 2501 220 2588 atque
235 2489 441 2583 ostendere,
479 2489 659 2590 quomodo
682 2489 901 2586 cognitores,
940 2515 1074 2592 procu-

30 2588 211 2705 rntoribus
225 2591 309 2666 solis
323 2589 594 2693 superstitibus,
628 2593 665 2663 in
683 2590 952 2696 desuemdinem
968 2593 1069 2667 abie-

29 2703 120 2766 rint.
771 2699 774 2708 “

135 2861 357 2956 cognitor
389 2879 476 2948 aet,
526 2868 603 2961 qui
635 2892 778 2935 coram
801 2871 1069 2936 adversario

132 2968 277 3052 certio
299 2968 449 3035 verbis
467 2983 749 3060 repraesenta
770 2971 948 3056 domino
965 2969 1071 3039 eub-

131 3069 330 3139 sts'tutue
355 3071 531 3140 domini
565 3073 661 3140 loco
697 3071 968 3142 intervenit.

97 3225 258 3297 Coram
282 3231 572 3298 adversario.
623 3227 862 3310 Praesentiarn
876 3227 1071 3302 adversarii

15 3329 66 3403 in
88 3325 337 3405 substituendo
365 3327 547 3428 cognitore
571 3330 804 3404 necessariam
827 3331 935 3406 fuisse
958 3355 1071 3430 usque
1129 3347 1132 3352 “

14 3425 73 3503 ad
89 3426 286 3528 genuinum
302 3429 433 3502 Gaium
449 3445 630 3532 repertum
644 3431 719 3506 lCti
738 3433 850 3506 nostri
868 3433 1071 3532 incomper-

14 3526 282 3631 tumhabuere
300 3527 335 3604 ¹⁴.
389 3529 489 3626 Quae
506 3557 591 3603 vero
607 3557 681 3624 res,
706 3559 818 3634 quum
835 3535 910 3634 ipsa
928 3534 988 3606 illa
1006 3547 1068 3640 est,

64 3714 110 3768 n·
132 3707 194 3766 val·
208 3710 243 3766 sl'·
257 3713 284 3779 §a
297 3705 358 3764 m·

59 3798 105 3852 tt.
126 3795 187 3851 Gstt
201 3796 224 3849 l.
241 3795 289 3859 lV,
302 3793 346 3850 10.

60 3883 108 3940 18.
122 3881 160 3936 fr.
176 3883 189 3936 1
209 3877 267 3952 §sl
288 3881 332 3936 De
343 3899 454 3954 procur.
470 3881 496 3948 8,
509 3884 535 3942 8.

60 3969 106 4026 11.
129 3967 209 4024 Unus
230 3968 302 4022 enirn
325 3967 492 4026 Treclrell
519 3973 561 4038 (in
582 3971 763 4028 Brissonii
787 3969 882 4037 Opera
899 3973 1009 4026 aethora
1026 3973 1068 4026 ed.
1165 3979 1168 3985 '

94 4035 266 4093 Treclrell
291 4055 318 4108 p.
336 4037 385 4090 lm
402 4047 468 4094 nota
495 4039 592 4095 'locunt
613 4041 685 4095 hunc
709 4036 843 4100 lsidori
868 4040 987 4094 adhibuit
999 4042 1069 4095 libro

94 4107 306 4162 differentiarum
321 4105 372 4176 lit(
379 4103 412 4160 C.
487 4111 580 4176 guitur
600 4129 656 4164 mn
675 4105 731 4163 nbi
742 4123 877 4177 praesens
889 4129 909 4162 o
920 4119 1069 4175 maerente

90 4176 291 4244 praesenti
304 4178 399 4228 datur.
435 4175 607 4233 Promrrotor
618 4188 715 4233 autem
731 4187 759 4230 et
778 4180 878 4229 adsone
897 4181 1070 4231 constituatur

94 4248 229 4298 arveruo
241 4244 396 4298 absentem.
431 4245 505 4300 Item
518 4249 643 4316 cognitor
654 4251 787 4300 cedrenus
810 4249 872 4298 ium
892 4249 1069 4300 solummodo

92 4313 143 4370 lite
162 4314 318 4376 contendit.
349 4315 484 4368 aduersas
509 4327 589 4383 quem
615 4319 655 4370 od
674 4319 815 4384 agendum
835 4319 998 4370 conradatur
1020 4323 1068 4376 ert,
1152 4309 1161 4390 ᾗ

775 4421 803 4494 Y.
902 4484 904 4492 ,

1164 4149 1183 4192 Δ
