2756 5100
292 294 343 376 na
367 208 957 418 usrmlun'mrcunurs
972 282 1066 386 §.ss
1150 281 1288 384 sss.

293 493 375 572 tur,
413 477 593 580 singulare
621 473 695 552 hoc
722 501 818 571 esse,
857 474 976 578 adque
993 469 1008 580 ll
1024 467 1107 554 ideo
1134 473 1191 551 fili
1214 500 1343 576 perso-

296 605 381 656 nam
396 591 414 631 Γ
432 581 542 654 matri
582 578 795 673 accedere⁸3
829 607 895 654 nec
925 607 1000 654 esse
1032 577 1243 679 legatarios,
1277 576 1344 650 sed

295 699 411 758 matre
432 677 593 784 mortula
615 681 750 761 liberos
773 684 878 782 quasi
893 679 1043 758 heredes
1057 675 1343 794 usumfructum}
1373 771 1374 790 χ

42 873 46 884 ‚
260 783 497 860 Jhabiunos.
557 785 654 883 Ego,
679 785 801 885 lnquit
815 785 1046 886 Pomponius,
1074 807 1222 886 quaem,
1235 783 1343 882 ‘qurd

152 914 163 946 ‘-
273 889 331 964 tsi
361 887 474 962 mixti
498 880 655 990 siluerint
682 882 1009 990 liherisextralnei
1032 879 1236 960 herclest?
1277 883 1374 956 Ait*

172 1038 176 1046 ·
272 1013 279 1030 ²
299 1005 336 1064 et
347 989 440 1064 filios
452 1015 519 1090 pro
535 988 716 1090 legatariis
731 985 935 1082 habendos,
969 1004 1004 1062 et
1021 981 1036 1089 ΙΙ
1053 987 1189 1062 mortui
1202 1000 1346 1086 partem

298 1093 550 1176 interituram:
590 1090 798 1166 Aristonem
812 1106 932 1166 cutem
953 1091 1125 1166 adnotare
1148 1085 1240 1161 haec
1255 1113 1344 1162 uera

300 1219 394 1299 esse:
419 1185 426 1298 l
442 1208 477 1268 et
489 1207 573 1268 sunt
588 1217 688 1267 uera.
710 1187 717 1298 Ι

345 1333 346 1340 ’
602 1329 608 1356 Ι
979 1351 981 1354 .

231 1357 234 1374 .
267 1439 269 1447 .
301 1377 425 1446 *Licet
437 1377 541 1466 primo
556 1374 688 1464 quidem
701 1376 772 1441 visu
787 1375 1023 1456 elegantissima
1035 1373 1164 1437 Kelleri
1177 1373 1344 1438 coniectu·
1373 1399 1374 1464 t

352 1485 388 1528 ra
401 1483 441 1550 cp
465 1475 562 1542 areat,
583 1475 621 1526 ut
632 1465 756 1543 legatur
763 1461 826 1543 filii
839 1467 1024 1546 portionem,
1047 1471 1156 1522 tamen
1167 1460 1266 1524 lectio
1281 1483 1343 1522 no-
1373 1469 1374 1506 l

355 1550 413 1613 stri
433 1486 558 1614 dodicis
583 1549 686 1628 magis
707 1545 843 1626 arridet,
879 1549 922 1609 ex
941 1566 1004 1631 qua
1022 1546 1108 1606 hunc
1128 1547 1198 1608 erui
1210 1567 1343 1612 sensum

352 1655 449 1721 posse
462 1635 669 1698 arbitramur:
690 1635 752 1698 filii
765 1635 906 1718 persona
917 1631 1011 1694 matri
1024 1629 1146 1714 accedit
1157 1631 1180 1693 i.
1190 1651 1219 1694 e.
1237 1629 1344 1694 deno-

325 1742 328 1749 ’
353 1719 488 1782 minatio
499 1721 642 1785 filiorum
655 1717 690 1779 in
701 1715 808 1799 legato
821 1717 961 1780 facta‘ita
972 1715 1067 1778 matri
1087 1715 1237 1778 adiicitor
1249 1729 1343 1802 atque

355 1805 514 1888 iungitur,
548 1816 587 1865 ut
605 1803 654 1866 illi
671 1805 772 1888 prosit
789 1825 831 1866 sc.
854 1800 896 1866 ad
916 1800 1095 1872 totumsibi
1109 1797 1342 1886 adquirendum

355 1891 603 1952 usumfructum.
656 1885 709 1952 Sic
735 1887 830 1978 enim
850 1909 917 1950 vox
937 1883 1086 1950 accedere
1100 1887 1298 1968 intelligitur
1315 1889 1341 1948 ir
1373 1920 1374 1960 3

357 1975 473 2038 usitata
484 1972 542 2036 illa
556 1973 712 2038 formula:
743 1973 904 2060 possessio
917 1970 1038 2035 accedit
1049 1971 1071 2042 i.
1086 1991 1113 2035 e.
1128 1973 1257 2056 proficit
1273 1975 1337 2036 snt

357 2058 410 2124 De
431 2059 495 2122 div.
510 2070 610 2144 temp.
630 2080 768 2142 praescr.
790 2066 842 2137 tt,
858 2069 894 2138 ὃς
923 2059 963 2140 ⁰fr
979 2055 1162 2120 Brissonius
1178 2059 1210 2120 h.
1224 2079 1260 2122 v.
1277 2063 1303 2142 ᾗ.
1319 2070 1346 2122 t«

359 2155 372 2190 ⁸
394 2143 444 2208 Ita
458 2139 525 2208 Mai
535 2145 695 2230 proponit.
709 2145 785 2208 Vat.
799 2143 833 2210 G.
849 2148 1012 2206 accederet.
1056 2141 1294 2224 ‘Dipfuertnt
1304 2145 1353 2206 Ii?

359 2233 465 2294 tuter
478 2233 635 2326 extranei.¹
1321 2217 1328 2246 '
1373 2241 1374 2274 t

305 2399 384 2458 liberi
412 2419 475 2455 eum
498 2411 711 2476 consequantur,
746 2421 804 2456 non
846 2399 993 2454 estfr.16
1013 2399 1056 2454 De
1077 2398 1181 2471 legibus
1202 2400 1273 2465 1,8,
1301 2404 1338 2456 vel

346 2468 385 2524 asi
398 2469 516 2554 legatarii
535 2470 581 2526 sed
595 2473 671 2546 quasi
682 2471 801 2526 heredes.
833 2469 921 2542 ·quod
939 2480 1035 2524 contra
1052 2469 1159 2540 regulas
1184 2469 1254 2524 iuris
1272 2491 1339 2527 com·
1373 2467 1374 2526 l

306 2489 477 2612 amponius
495 2541 614 2612 primum
632 2540 740 2597 veroin
753 2539 804 2594 hac
845 2537 936 2591 munis
956 2551 995 2593 est
1011 2539 1048 2593 fr.
1066 2539 1098 2592 15
1118 2538 1162 2600 De
1185 2541 1247 2603 reb.
1270 2541 1334 2595 cred.

254 2613 257 2629 “
309 2607 466 2679 quaestione
490 2629 525 2664 ne
544 2630 578 2664 ue
603 2609 684 2671 illam.
696 2608 805 2692 respicit
848 2607 888 2682 12,
906 2607 930 2659 1.
1031 2660 1036 2672 ,
1150 2607 1154 2615 “

308 2677 440 2749 speciem,
457 2677 504 2732 ubi
526 2629 654 2733 dominns
670 2677 747 2732 lundr
763 2697 804 2731 ex·
880 2675 962 2744 quasi
970 2676 1097 2744 heredes]
1116 2674 1191 2729 Haec
1202 2677 1333 2748 enimspc·
1373 2717 1374 2750 ᾗ

305 2754 479 2810 tranensem,
497 2748 554 2815 (ubi
568 2747 718 2814 necessario
729 2765 804 2800 usus·
846 2743 899 2799 cies
913 2743 1052 2798 subiicitur
1069 2747 1103 2798 ab
1118 2743 1242 2816 Ulpiano
1253 2752 1288 2814 §o
1301 2747 1340 2806 8'l,
1373 2752 1374 2820 l

304 2812 412 2870 fructus
424 2815 538 2869 amissus
550 2815 733 2869 consolidatur
742 2815 803 2870 vat.
845 2822 999 2868 testatorem
1020 2813 1093 2866 solos
1112 2813 1213 2867 liberos
1236 2815 1343 2870 heredes
1373 2821 1374 2858 l

307 2879 343 2937 fr.
356 2886 382 2951 §.
394 2883 439 2948 86)
455 2900 543 2956 neque
555 2897 627 2948 eam,
645 2879 691 2937 ubi
702 2883 804 2938 fundus
845 2881 990 2953 scripsisse.
1011 2927 1019 2948 ,
1045 2897 1047 2901 ·

307 2951 417 3022 quidem
429 2952 459 3006 in
472 2951 732 3008 dominiotestatoris
746 2952 805 3014 fnit,
879 2952 1014 3005 extranei
1022 2953 1149 3020 heredes]
1175 2953 1195 3007 i.
1211 2971 1237 3006 e.
1253 2973 1344 3008 secun·
1373 3009 1374 3020 2

306 3037 404 3076 verum
417 3021 494 3074 liberi
512 3031 538 3075 et
557 3021 671 3076 extranei
701 3021 803 3075 mixtim
846 3020 911 3074 dum
923 3018 982 3072 Gaii
996 3020 1192 3082 definitionem,
1210 3022 1259 3093 qni
1271 3033 1343 3076 testa·

307 3087 418 3143 heredes
430 3100 492 3142 sunt
504 3090 626 3144 institutis
651 3089 803 3144 ldeoPom·
846 3090 911 3143 toris
923 3089 975 3142 iuri
993 3090 1106 3144 subiecti
1125 3110 1183 3144 non
1202 3101 1267 3144 sunt
1290 3091 1343 3146 Gaii

307 3158 405 3230 ponius
419 3159 582 3228 quaestioni,
601 3159 667 3230 quid
680 3160 713 3212 de
725 3161 803 3213 amis·
846 3157 868 3210 la
886 3159 922 3216 ΙΙ,
938 3158 996 3210 161.

307 3243 341 3280 to
357 3228 500 3282 usufructu
519 3227 690 3282 statuendum
709 3228 756 3293 sit,
782 3229 804 3282 si
878 3228 938 3293 Ait]
960 3245 998 3280 sc.
1010 3225 1191 3298 Pomponius.

308 3295 383 3349 mixti
401 3295 502 3350 fuerint
519 3296 610 3350 liberis
630 3299 746 3350 extranei
759 3295 803 3352 lre·
841 3285 846 3316 ¹
880 3297 1068 3364 retenturam]
1094 3297 1112 3357 i.
1124 3316 1147 3349 e.
1164 3299 1346 3354 consolidato·

193 3427 195 3435 .
308 3363 393 3427 redes,
413 3365 617 3435 itarespondet=
636 3366 803 3436 quiavolun·
844 3383 916 3428 ram3
948 3364 1008 3433 quia
1029 3364 1164 3419 damnatio
1181 3379 1272 3440 partes
1286 3371 1345 3424 lacit

308 3442 348 3488 les
361 3433 493 3486 testatoris
505 3433 593 3498 fuerit,
610 3434 700 3492 llberis
715 3435 804 3506 potins
846 3433 907 3485 Vat.
924 3431 958 3484 sr.
974 3437 998 3498 §.
1013 3433 1056 3484 85.

308 3519 390 3572 quam
403 3502 804 3558 extraneousumlructumcon·
837 3527 838 3532 ¹
880 3499 1253 3575 Aristomenenadnoturir]
1305 3510 1346 3560 An
1373 3491 1374 3568 l

307 3570 433 3634 cedendi,
451 3570 804 3640 liberos‚utcollegatarios
846 3589 955 3623 necesse
982 3570 1029 3631 sit,
1061 3582 1090 3622 ut
1116 3575 1292 3646 suppleamus
1311 3579 1348 3629 ad
1373 3569 1374 3578 ¹

307 3639 401 3692 matris
422 3657 478 3692 esse
498 3639 650 3701 habendos,
670 3642 805 3694 utstatim
848 3639 986 3702 Cassium,
1005 3651 1050 3693 aut
1065 3645 1104 3692 ad
1117 3642 1255 3696 Sabrirum
1270 3645 1346 3698 dubi·
1373 3667 1374 3676 ¹

222 3721 224 3730 ’
308 3707 419 3778 aliquod
432 3709 601 3781 perciperent
619 3711 804 3773 commodum,
845 3719 889 3771 to,
920 3707 966 3776 (cf.
986 3709 1021 3761 ir.
1037 3707 1055 3761 7
1073 3713 1099 3776 §.
1122 3714 1284 3766 notavimus
1311 3713 1345 3766 1).

309 3773 346 3829 ita
365 3787 471 3838 tamen.
506 3789 536 3832 ut
564 3779 657 3832 matris
682 3791 805 3832 mortuae
868 3776 921 3829 uod
934 3776 965 3829 -vi
984 3779 1118 3832 aut-clam
1137 3779 1179 3844 43,
1194 3783 1245 3846 243
1278 3777 1347 3837 fr.8

308 3853 413 3915 partem
426 3865 482 3899 non
495 3846 553 3900 iure
561 3847 732 3902 adcrescendi
741 3855 809 3918 qua·'
846 3797 871 3914 i.
886 3846 903 3899 8
916 3845 960 3899 De
972 3849 1095 3916 precario
1107 3845 1150 3912 43,
1163 3851 1209 3920 26)
1228 3851 1294 3906 licet
1315 3851 1347 3904 ad

306 3911 331 3964 ci
345 3911 476 3984 legatarii,
508 3915 618 3970 seduna
639 3937 702 3970 cum
722 3927 803 3970 extre·
845 3927 938 3969 utrum
959 3935 992 3966 ue
1009 3915 1165 3970 Aristonem
1185 3930 1263 3973 notas
1283 3921 1348 3975 scri-

308 3980 367 4034 neis
406 3981 557 4038 heredibus
585 3984 804 4039 consolidationis
847 3933 967 4056 psisseli
988 3997 1049 4038 ucat
1069 3985 1104 4038 fr.
1120 3986 1137 4038 7
1156 3991 1182 4054 ς.
1198 3987 1230 4048 3,
1262 3989 1298 4041 fr.
1314 3988 1349 4040 17

305 4047 364 4103 iure
375 4049 556 4120 adquirerent.
846 4057 872 4120 §.
890 4056 903 4106 1
923 4003 995 4106 D.l.

340 4119 493 4189 srirgulore]
522 4122 540 4173 i.
560 4142 584 4176 e.
612 4123 685 4193 quod
710 4133 804 4188 contra
845 4120 992 4182 nab.7,8,
1010 4123 1233 4183 Bertrandus
1250 4127 1347 4180 deln-

308 4193 431 4240 tcnorem
457 4189 543 4245 civilis
563 4191 673 4245 rationis
711 4202 803 4264 ropter
844 4193 977 4258 ruperim
990 4191 1036 4246 lib.
1052 4191 1078 4246 ll
1091 4212 1116 4246 c.
1129 4193 1172 4248 43.
1212 4195 1347 4250 Plerum-

306 4254 424 4326 aliquem
450 4258 590 4321 utilitatem
617 4212 802 4316 introductum
846 4280 898 4332 que
913 4259 979 4342 lraec
991 4279 1044 4320 vox
1056 4259 1203 4318 adnotandi
1215 4264 1289 4319 lctis
1310 4263 1346 4317 [e-

998 4091 1005 4107 .
1027 4057 1063 4118 t.‚'
1091 4054 1127 4108 sr.
1142 4057 1159 4108 6
1183 4057 1227 4110 De
1250 4077 1303 4112 usu
1322 4066 1348 4109 et
