2724 5106
410 353 707 442 tenuerant).
1030 389 1085 440 xv

43 533 191 628 modo
215 561 299 628 eos
321 537 654 656 promerion
668 540 755 660 qui
770 539 901 634 illius
914 557 964 636 et
979 543 1096 640 Hei·-

41 693 195 787 neccii
221 690 525 806 diligentiam
555 691 802 810 sugerunt.

148 939 391 1092 serotini,
439 976 687 1093 Gottingis
718 993 767 1070 a
797 977 1081 1095 ammona

45 1131 366 1222 borussorum
391 1122 538 1240 mihi,
583 1156 756 1220 curam
777 1141 928 1249 atque
951 1129 1098 1224 labo·

46 1278 345 1370 reminbaec
359 1274 666 1398 impendenti
679 1275 975 1393 fragmenta,
1006 1309 1079 1372 ce

52 1429 283 1520 leberrimi
317 1424 420 1520 lCti
450 1427 672 1519 in'nulla'
703 1429 829 1521 urbe
866 1430 1078 1546 delirare,

40 1577 214 1670 horum
242 1605 474 1702 meorum
501 1575 782 1670 studiorum
809 1577 1078 1673 liberalissi·
1222 1569 1225 1576 ’

38 1729 100 1819 mi
135 1729 377 1838 lautores,
424 1724 782 1848 adiutoresque.
855 1725 1075 1850 Quapro-

36 1897 136 2000 pter
155 1909 267 1973 non
290 1905 494 1997 possum
522 1905 652 1988 non,
695 1877 821 2000 quin
853 1879 1075 1974 sincerri-

33 2060 298 2145 masagam
327 2026 505 2143 gratias
547 2007 634 2118 lll.
679 2025 1074 2128 Betbmanno-

38 2176 78 2267 H
85 2178 382 2294 ollwegio,
433 2176 520 2298 qui
541 2207 647 2269 non
669 2178 833 2274 solum
857 2181 1073 2300 ingenio·

27 2333 208 2424 sissime
222 2330 466 2454 plurimos
481 2328 666 2422 borum
680 2329 1089 2446 fragmentorum

29 2488 194 2578 titulos
239 2485 593 2602 interpretatus
640 2499 734 2596 est,
795 2486 879 2579 sed
923 2491 1071 2587 etiam
1137 2467 1138 2478 l

26 2667 217 2730 summa
265 2632 555 2729 liberalitate
600 2633 889 2756 frequenter
937 2643 1070 2741 intra

27 2791 241 2905 privatos
271 2785 480 2908 parietes
503 2783 836 2902 mterrogatus
861 2795 1068 2890 subtilis-

24 2937 137 3032 sima
163 2935 289 3029 mihi
312 2932 446 3025 dedit
469 2933 670 3024 consilia
695 2951 1067 3065 atquerespon-
1127 3029 1129 3040 .

16 3117 78 3180 sa.
152 3089 227 3180 Ex
260 3085 443 3177 iisdem·
465 3083 620 3176 causis
666 3085 751 3180 Ill.
798 3087 1065 3208 Hugonis

13 3240 252 3332 beneficia
289 3238 343 3328 in
375 3263 455 3328 me
504 3237 680 3330 collata
723 3237 931 3360 glorior,
985 3279 1065 3344 eu-

13 3388 92 3480 ius
135 3417 331 3482 summa
373 3386 648 3502 benignitas
703 3419 761 3481 ex
815 3400 1062 3516 protunda

15 3548 126 3632 suae
156 3537 415 3631 doctrinae
446 3536 601 3654 copiav
617 3567 744 3658 quae
764 3542 914 3636 dubia
938 3549 1062 3644 mihi

25 3709 165 3792 erant
197 3716 478 3800 removere,
549 3703 598 3780 et
637 3690 940 3790 amicissimis
984 3733 1060 3796 co.
1183 3693 1224 3722 ⁸

17 3834 384 3939 hortationibus
397 3869 478 3932 me
494 3832 681 3935 viribus
700 3845 1060 3949 meisdiffiden-
1184 3889 1189 3908 s

14 4003 111 4084 tem
132 3993 326 4108 erigere
350 4020 612 4110 nunquam
644 3990 844 4087 destitit.
864 4105 868 4116 Ι
915 4004 982 4096 At
1006 4007 1058 4097 il.

13 4123 137 4255 lum'}
171 4141 261 4264 qui
279 4166 359 4230 me
375 4137 625 4232 elementis
647 4139 1059 4264 iurisprudentiae

14 4307 48 4384 et
108 4320 287 4386 amore
334 4287 504 4390 huius
536 4285 818 4410 disciplinae
860 4297 1054 4436 imbuit,
