2756 5100
137 321 992 436 mtUSUFRUG‘I'U.p.s.t.·m...p.ro;ts.
1042 329 1091 406 tt

43 517 169 594 liunus
182 511 243 590 nel
266 509 315 588 do
335 511 415 612 lego
431 507 447 614 ΙΙ
464 511 622 612 legatum
633 509 917 606 usumfructum,
954 511 1013 590 uel
1026 537 1092 614 per

47 617 335 694 damnationem:
359 630 396 690 et
409 618 463 694 sio
478 609 609 718 seolsit,
632 613 736 714 quusi
749 611 1091 792 simlegutoriisirpllt

49 736 85 795 et
96 715 351 810 herodes'soli,
381 715 422 790 in
436 717 483 791 do
498 715 578 816 lego
591 715 706 816 legato
723 739 794 790 uon
808 732 900 792 esset
914 729 937 768 ⁰
950 717 1007 794 ius
1022 743 1043 790 u
1068 761 1088 776 -

47 819 254 914 crescendi,
289 818 461 918 quonium
476 842 498 892 o
512 833 625 892 semet
638 817 727 918 ipsis
741 819 918 914 inutiliter
931 819 1088 918 legatum
1103 849 1133 895 so

46 919 136 1029 lest.
187 919 320 1022 Adque
334 921 366 994 si
381 919 487 994 elteri
498 918 547 994 ob
560 913 689 1022 allltoro
702 919 858 1018 legetur,
896 920 968 996 u'lri
982 935 1000 972 ⁰
1016 947 1088 1000 uon
1237 931 1244 940 '

45 1039 270 1106 consumunt
286 1013 322 1125 ll,
364 1023 472 1096 metri
501 1047 587 1096 uero
618 1045 691 1094 non
723 1021 762 1123 in
790 1035 906 1098 totum
936 1047 1089 1107 concur-

45 1145 154 1222 runt,
193 1125 256 1202 sed
277 1125 368 1198 ulter
389 1149 457 1226 pro
479 1123 623 1198 ulterius
639 1123 647 1224 Ι
662 1123 842 1225 portione:
883 1139 918 1198 et
940 1117 959 1228 ss
982 1127 1021 1200 iu
1043 1151 1087 1202 so
1101 1153 1130 1200 rr

47 1231 242 1306 dumtaxat
254 1227 313 1300 ius
327 1225 558 1300 orloresoeurli
571 1225 660 1318 erit,
695 1239 809 1300 mater
822 1241 941 1301 tomen
957 1227 1091 1310 uduem

53 1360 116 1410 sus
131 1329 140 1436 Ι
157 1345 344 1429 utrumque
359 1329 416 1402 ius
431 1321 676 1428 sderflesoendi
689 1323 811 1400 habet.
822 1321 850 1428 ΙΙΙ

69 1489 155 1572 mg
170 1517 196 1572 b·
221 1453 274 1557 [§
294 1451 374 1554 stt]
424 1455 585 1572 lulianus
599 1471 636 1508 ⁰⁰
658 1455 793 1562 subicit
814 1457 967 1574 Sextum
995 1485 1089 1564 quo·
1102 1455 1201 1524 rius.

220 1553 1088 1766 ...uum

43 1827 69 1864 ¹⁰
89 1813 143 1880 lu
158 1811 391 1896 geminandum
410 1811 692 1896 sensitllollwsg.
705 1813 781 1881 Vst.
798 1812 833 1880 C.
876 1820 957 1880 nusi.
1001 1827 1018 1862 ²
1037 1814 1087 1880 Its

96 1901 262 1980 Hollweg.
276 1899 351 1964 Vst.
366 1899 401 1964 G.
418 1921 492 1964 esse.
548 1913 563 1946 ⁰
584 1899 634 1966 lto
652 1835 888 1984 transponentlo
905 1901 1001 1964 uerbo
1016 1921 1087 1999 esse
1111 1959 1115 1967 .

95 1985 201 2050 suasit
211 1983 335 2048 Keller.
350 1979 423 2050 Vnt.
439 1983 473 2048 G.
487 1985 532 2052 iu
542 1987 660 2050 hobstr
682 1988 886 2050 odorrsoeurli
899 1989 1001 2070 adque
1012 1995 1041 2051 st
1054 2013 1084 2050 a.

99 2093 131 2132 n.
145 2093 177 2132 o.
193 2075 319 2152 legetur,
343 2075 492 2169 quonium
511 2093 533 2132 n
552 2091 578 2138 s.
593 2075 615 2134 i.
630 2075 650 2134 i.
666 2073 688 2135 l.
703 2081 759 2142 est,
779 2071 841 2132 sibi
853 2080 913 2132 otc.
948 2070 1087 2138 ⁰⁰.Non-

24 2159 41 2184 ⁰
99 2156 190 2218 nullu
212 2153 309 2217 huius
329 2157 355 2238 §r
372 2155 470 2216 verbo
487 2155 637 2236 leguntur
656 2156 698 2218 in'
710 2157 749 2216 fr.
764 2167 783 2222 8
801 2153 835 2216 iu
853 2155 921 2218 llue
939 2153 991 2216 De·
1004 2163 1098 2220 usu-'

98 2241 203 2303 fructu
219 2235 431 2302 adcrescente
446 2251 475 2316 7,
490 2253 519 2306 2.
567 2253 583 2298 Ρ
605 2238 653 2304 ltu
668 2239 819 2304 Dirksou.
862 2239 1018 2304 Similiter
1032 2233 1086 2302 ls-

97 2326 204 2406 gimus
216 2323 252 2386 in
266 2325 304 2388 l'r.
323 2338 361 2390 tt
394 2371 401 2386 .
419 2337 437 2392 2
453 2325 639 2410 (Ulpianus)
660 2322 700 2388 D.
723 2325 777 2410 qui
790 2337 854 2387 eto
875 2324 990 2410 quibus
1012 2347 1087 2388 ma-

99 2409 344 2487 nnm.to‚9Se
408 2429 575 2494 mqrroque
592 2407 769 2474 Caecilium.
817 2408 968 2486 Squtic.
985 2407 1088 2473 Gudi-

102 2494 328 2558 cislertionem
339 2493 371 2556 S.
409 2503 458 2556 .et
479 2493 516 2554 Ρ.
535 2494 726 2572 retinemus,
754 2493 871 2558 Sextus
890 2507 945 2557 rut
968 2493 1087 2559 Pedius

102 2516 828 2664 surm§.sullescrosiuntanosuu
855 2578 1083 2662 tertul).

122 2663 187 2730 nib.
198 2685 242 2728 ex
254 2685 338 2726 rous.
353 2663 387 2724 in
402 2683 487 2749 poss.
502 2671 553 2742 42,
569 2667 604 2744 4)
616 2675 669 2726 out
683 2663 776 2728 lCtus
790 2665 867 2743 iste,
890 2667 946 2752 qui
961 2665 994 2726 iu
1012 2661 1084 2730 Gaii
1201 2700 1206 2706 ·
1245 2707 1253 2748 ·.

95 2690 176 2815 lust.
194 2747 253 2830 (II,
277 2751 353 2828 218)
366 2747 491 2830 legitur
509 2752 548 2812 cl.
563 2747 634 2814 Guii
647 2747 798 2813 EditioII
819 2773 849 2835 p.
870 2761 930 2816 516
951 2747 992 2810 ud
1010 2752 1042 2813 h.
1058 2755 1082 2836 l.

94 2835 144 2900 At
159 2853 260 2920 quum
273 2833 356 2896 iufra
373 2835 488 2896 verbor
522 2857 576 2914 ego
593 2840 694 2926 iuquit
711 2831 903 2918 Pomponius
922 2837 1082 2914 leguntur,
1099 2908 1101 2916 .
1162 2895 1167 2904 ,

36 2967 39 2972 .
94 2933 129 2984 et
140 2919 175 2982 in
191 2917 332 3000 Digestis
350 2919 385 2982 lu
398 2919 420 2980 l'.
434 2919 522 2982 solus
537 2920 649 2983 citetur
660 2916 872 3006 Pomponius,
899 2921 978 2984 hoec
992 2919 1083 2982 indi-

93 3023 168 3072 (ατο
184 3002 352 3090 videntur,
384 3003 585 3068 lectionems
601 3005 691 3068 uobis
707 3017 867 3090 receptum
880 3025 949 3070 esse
963 3025 1084 3070 vorum.

10 3127 12 3134 ·
93 3087 695 3178 DirlssenBoitruegep.8o.6p.824.
743 3087 924 3176 Pomponio
940 3112 1084 3176 maeno-

94 3197 174 3239 men
190 3173 281 3238 Sexti
293 3173 394 3236 fuisse
408 3185 530 3236 constet
541 3195 583 3237 ex
598 3178 687 3242 iuss
701 3180 753 3258 §.9
769 3173 807 3236 D.
824 3199 882 3258 pro
896 3179 982 3238 sorio
1007 3189 1086 3252 tm
1187 3183 1190 3188 '

98 3273 132 3323 et
142 3261 183 3324 ir.
198 3267 239 3326 44
252 3261 299 3346 pr.
314 3258 354 3322 D.
370 3261 427 3322 sol.
440 3271 531 3324 ruutr.
547 3269 597 3338 24,
613 3272 650 3338 ὃς
673 3264 711 3322 ef.
726 3259 890 3322 Zirurueru
903 3260 1083 3325 Geschiclr-

98 3359 132 3407 te
145 3357 202 3408 etc.
216 3367 249 3430 p.
264 3353 324 3410 339
341 3365 370 3406 o.
388 3355 417 3409 6.
478 3355 493 3402 t
515 3344 562 3408 Its
584 3350 679 3408 verbu
701 3347 892 3430 transposui.
904 3345 980 3412 Vnt.
996 3346 1032 3410 (l.
1052 3359 1084 3410 et

98 3431 200 3494 libens
213 3435 321 3492 rraeorr'.
349 3425 416 3492 llloi
428 3431 593 3516 proposuit
605 3429 775 3512 legendum
792 3438 913 3494 matris.

39 3575 134 3630 ctum,
176 3563 234 3618 iure
263 3563 435 3618 adcrescenrli
466 3563 540 3618 illuru
619 3565 929 3632 Iulr'uuussubr'rr'tetc.]
963 3563 1082 3618 lulianus

38 3653 90 3708 pro
104 3645 183 3708 parte
194 3633 265 3688 inter
278 3653 307 3687 se
317 3633 473 3688 dividerent.
584 3646 779 3690 commemorat
798 3633 952 3704 Pompo-uio
966 3634 1078 3703 peculia·
1202 3676 1210 3691 .

70 3705 219 3774 portione]
235 3723 273 3756 sc.
286 3701 453 3756 hereditaria.
584 3725 640 3760 rem
669 3705 797 3774 placuisse
816 3701 990 3763 seuteulisur,
1020 3703 1077 3756 scil.

72 3777 102 3841 §.-
122 3773 167 3826 88.
211 3771 350 3843 Iulium-t]
388 3769 471 3834 Sunt,
494 3773 540 3842 qui
583 3774 798 3844 exceptioneura
824 3770 963 3826 couuuuui
986 3771 1081 3842 regula·

57 3853 146 3906 urant,
163 3839 233 3896 lunc
246 3843 311 3908 §unt
327 3838 431 3896 luliauo
443 3841 540 3895 adseri·
583 3861 639 3894 esse
659 3841 856 3912 accipiendam,
887 3839 1024 3900 eserie,
1054 3839 1075 3892 si

37 3863 160 3964 leudam
175 3929 248 3974 esset
264 3909 377 3966 duero
391 3907 542 3965 Excursusl
584 3911 689 3963 mulieri
709 3921 735 3964 et
758 3909 847 3968 liberis
869 3927 917 3978 per
964 3909 1078 3963 mustio-

36 3981 144 4034 ποιεῦ.
497 4017 507 4042 .
584 3999 645 4032 uem
659 3977 824 4032 ususfructus
837 3977 937 4046 legatus
948 3977 990 4030 sit.
1011 3977 1077 4046 Quo

70 4049 183 4118 subt'oit]
214 4046 436 4122 i.e.quodalies
459 4047 542 4118 expri-
584 4047 721 4104 casul’om
743 4047 820 4099 onius
832 4045 932 4107 scribit,
953 4065 1008 4100 uon
1020 4065 1082 4098 rer·-

38 4117 89 4168 mit
112 4115 151 4173 Ul
172 4117 248 4170 ianus
268 4137 331 4188 per:
360 4115 451 4172 adiioit
472 4135 494 4170 e.
514 4136 540 4188 g.
584 4117 617 4170 bs
630 4117 678 4170 red
693 4067 857 4171 voluntatem
873 4113 1005 4168 testatoris
1020 4133 1076 4184 spe-

38 4183 109 4260 Utp.
125 4137 201 4248 Xlll,
215 4185 246 4250 23
277 4185 311 4238 fr.
328 4188 341 4240 l
361 4185 389 4254 S.
407 4188 420 4236 1
440 4184 483 4240 De
503 4205 541 4236 se·
585 4185 650 4238 stari
664 4185 777 4246 debere,
799 4193 908 4254 propter
927 4201 1005 4251 quatu
1024 4201 1081 4234 uuo.

38 4255 216 4320 Momm,
230 4253 264 4308 lr.
280 4257 333 4322 l§.
348 4253 365 4306 7
382 4253 425 4308 De
438 4253 540 4310 itinere.
585 4253 738 4325 triquidenr
761 4253 847 4304 uarius
869 4261 939 4304 totus·
959 4247 1076 4302 ususfru-

37 4318 82 4386 43,
98 4323 140 4377 19.
585 4333 644 4376 elus
656 4321 810 4392 srlquirulur
822 4319 866 4370 serl
880 4330 962 4372 matre
972 4328 1081 4370 mortun

8 4395 13 4406 ‘
828 4393 842 4416 Ἰ

814 4395 834 4464 l
