2752 5100
100 379 111 397 ⁴
203 397 267 472 nu
290 391 534 496 sonamus
549 389 663 466 vnn.
680 391 860 468 ranan.
980 395 1057 467 cst

11 580 173 656 terdictis
195 607 225 656 e.
249 606 283 682 g.
307 579 468 682 quadri
491 592 554 652 aut
575 574 727 681 clpm⁸¹,
771 575 817 650 de
835 579 1000 678 precario
1019 575 1055 672 ¹²,
1156 625 1167 654 ι,

12 699 142 786 quarto
158 685 252 758 libro
268 683 314 756 de
330 680 565 756 exhibitoriis
585 678 788 753 interdictis
812 707 842 752 e.
859 705 894 780 g.
921 681 967 754 de
987 677 1056 754 ho-

13 789 111 860 mine
134 785 250 886 libero
278 783 487 858 exhibendo
501 781 543 877 ¹⁸,
584 781 630 855 de
642 781 769 855 liberis
784 779 1001 856 exhibendis
1018 781 1055 874 ¹⁴,
1136 821 1139 828 ’

16 890 144 990 quinto
161 903 197 960 et
219 902 323 962 sexto
345 885 458 979 libro,
499 883 673 986 expositis
686 883 881 985 generibus
903 884 1057 959 interdi-

14 1007 156 1064 ctorum
164 1043 174 1082 ,
199 989 245 1062 de
260 987 387 1062 ordine
401 1002 437 1062 et
450 987 554 1062 exito
568 1011 694 1060 eorum
703 981 726 1018 ¹⁸
739 985 939 1087 disputasse
953 986 1056 1060 vide-

11 1109 75 1166 tur
91 1087 127 1163 ¹⁸.
180 1093 318 1164 Auctor
331 1089 417 1163 vero
430 1103 568 1181 noster,
603 1113 713 1188 quem
723 1088 775 1170 Ν,
789 1104 930 1188 tanturn
944 1089 1058 1164 libros

11 1196 61 1266 de
79 1193 282 1268 interdictis
308 1193 493 1294 scripsisse
517 1189 678 1283 (livium,
707 1189 924 1265 divisionem
943 1193 1058 1267 inter-

11 1297 197 1370 dictorum
212 1297 318 1371 istam
333 1307 475 1368 secutus
491 1308 563 1385 est,
604 1291 715 1392 quod·
725 1291 782 1365 vel
806 1291 1059 1394 adipiscendae

9 1397 372 1500 possessionis-causa
395 1410 601 1496 comparata
621 1409 726 1487 sont,
769 1395 825 1468 vel
838 1396 1058 1490 retinendae,

11 1499 76 1574 vel
92 1499 357 1600 recuperandae
372 1496 404 1572 ¹⁷.
474 1498 568 1571 Nam
590 1497 710 1598 primo
724 1495 819 1570 libro
836 1497 882 1570 de
896 1489 1059 1571 'interdi-

10 1605 85 1678 ctis
100 1601 350 1704 adipiscendae
364 1601 596 1701 possessionis
613 1600 686 1698 egit
703 1625 733 1672 e.
750 1625 785 1700 g.
803 1599 848 1672 de
865 1599 1080 1674 interdicto.
1161 1663 1164 1672 ,

10 1705 116 1806 quod
131 1704 329 1804 legatorum
346 1700 388 1794 ¹⁸,
429 1701 584 1775 secundo
608 1701 703 1774 libro
728 1699 773 1772 de
793 1703 1059 1804 recuperandae
1170 1760 1175 1784 .

10 1809 250 1910 possessionis
270 1805 471 1878 interdictis
495 1812 525 1877 e'.
550 1830 584 1904 g.
604 1803 648 1876 de
664 1805 728 1876 int.
746 1803 842 1876 unde
856 1809 896 1877 vi
912 1801 947 1880 ¹⁹.
980 1797 1060 1878 'Ex

10 1909 112 1983 libro
128 1909 235 1982 tertio
249 1905 343 1980 nihil
356 1905 505 2008 quidem
518 1905 623 1978 nobis
639 1920 820 1978 servatum
830 1921 892 1998 est,
921 1922 958 1980 at
973 1933 1062 1982 con·
1119 1919 1123 1924 '
1240 1969 1243 1977 .

11 2013 127 2086 iicere
142 2022 331 2112 possumus
346 2012 386 2082 in
400 2035 443 2083 eo
462 2009 507 2082 de
528 2007 734 2081 retinendae
756 2011 988 2108 possessionis
1004 2010 1065 2082 in·

13 2113 180 2188 tertlictis
196 2129 316 2188 ectum
332 2139 418 2186 esse.
445 2107 692 2204 Quarto‘libro
707 2108 753 2183 de
768 2111 894 2185 ordine
910 2113 1062 2186 etexitu

14 2217 297 2292 interdictorum
311 2211 558 2316 disputavit&
612 2213 665 2286 lta
680 2211 871 2284 refutatam
889 2239 963 2286 esse
983 2214 1060 2315 opi·

15 2319 167 2392 nionem
192 2343 335 2408 eorum,
370 2316 436 2414 qui
462 2315 627 2408 credant,
664 2311 881 2388 Venuleiom
918 2315 1063 2388 illarum

20 2417 175 2518 §§orum
198 2433 380 2494 auctorem
393 2416 520 2508 finisse,
555 2416 724 2490 arbitror.
792 2419 915 2490 Restat
931 2413 1063 2511 adhuc,

20 2539 64 2596 ut
88 2520 290 2611 ostendam,
332 2519 392 2592 cui
417 2519 536 2619 potius
560 2516 630 2591 hae
653 2513 714 2617 §§i
738 2517 897 2594 adscribi
912 2523 1062 2636 possint.

20 2623 168 2695 Variani
182 2627 323 2694 tantum
337 2621 432 2693 inter
447 2619 528 2718 illos
543 2621 736 2720 scriptores
751 2637 888 2723 potest,
910 2641 912 2648 ’
928 2622 1064 2723 quibus
1130 2699 1135 2720 ι

9 2725 236 2826 'compilator
250 2720 381 2796 horum
394 2722 681 2822 fragmentorum
696 2749 782 2800 usus
798 2740 863 2819 est,
888 2725 984 2800 inter
995 2725 1066 2798 Pa-

22 2827 225 2927 pinianum,
251 2825 447 2926 Ulpianum
461 2823 665 2897 etl'aulum.
699 2825 938 2926 Papinianum
947 2817 1067 2900 ullum
1095 2847 1099 2856 ·

23 2927 125 3002 aliud
147 2931 322 3030 seriptum
345 2927 552 3026 reliquisse,
594 2951 703 3025 quam
725 2927 824 3032 quod
844 2929 1067 3003 Florentinus

23 3030 141 3104 ludex
156 3032 328 3124 nominat,
355 3039 534 3129 nusquam
547 3027 747 3129 legimus²¹,
773 3055 890 3132 neque
905 3055 1067 3132 unquam

62 3231 204 3368 libbi}
220 3231 257 3290 fr.
270 3229 305 3296 1,
323 3229 406 3297 snb.
422 3229 457 3288 fr.
472 3231 515 3295 10,
530 3229 568 3330 ft·
583 3227 630 3294 19,
647 3227 739 3286 ΜΕ.
758 3229 796 3287 D.
810 3231 886 3304 quod
897 3231 923 3288 vi
934 3235 1067 3340 antelam
1135 3329 1138 3338 1

53 3408 106 3464 19.
125 3407 160 3463 ir.
175 3407 200 3472 7,
215 3405 252 3460 dr.
265 3406 301 3460 22
313 3406 357 3463 De
370 3407 492 3484 precario
506 3406 549 3470 48,
562 3407 607 3462 26.

64 3511 108 3568 16.
126 3511 162 3566 fr.
178 3511 210 3575 2.
222 3509 262 3565 ir.
275 3509 294 3565 4
311 3509 354 3566 De
367 3510 478 3571 homine
491 3511 577 3584 libero
589 3509 739 3570 exhibendo
751 3507 795 3577 19,
808 3511 853 3568 99.

64 3599 106 3652 14.
124 3596 188 3655 1ηὸ
205 3597 248 3652 De
263 3596 353 3652 liberis
365 3597 517 3654 exhibendis
527 3597 570 3666 46,
584 3597 628 3658 80..

6 3731 13 3744 .
64 3688 108 3744 15.
127 3687 188 3743 Gaii
200 3688 222 3742 1.
238 3685 287 3752 lV,
299 3687 360 3740 161.

65 3795 108 3850 16.
127 3792 163 3850 fr.
174 3791 218 3848 66.
235 3767 280 3844 De
294 3789 357 3864 adq.
371 3807 426 3846 rer.
442 3789 516 3846 dom·
530 3789 573 3855 41,
587 3794 618 3858 13
636 3791 672 3849 fr.
685 3790 728 3850 5³.
746 3783 790 3846 De
803 3790 836 3846 ad
858 3791 919 3846 ael
932 3812 986 3850 am.
1018 3816 1070 3854 oss,

100 3861 189 3926 et‚2;
211 3857 344 3919 fr.8‚sr.
358 3858 391 3914 11
407 3857 445 3912 D.
481 3860 575 3916 uaein
594 3861 716 3917 nantem
736 3861 810 3920 cred·
880 3861 906 3918 8.
920 3861 1072 3922 lr.1.l)e

100 3933 200 3988 divers.
214 3941 297 4000 temp.
312 3945 429 3998 praescr.
480 3927 529 3988 ,6.

66 4039 108 4093 17.
127 4035 188 4090 Gaii
204 4030 364 4098 1.1v,‘1ta.
571 4081 574 4090 ,
888 4077 890 4082 .

68 4128 109 4184 18.
130 4126 190 4180 Vat.
206 4124 241 4180 tr.
255 4126 282 4200 6.
297 4121 333 4174 90
345 4122 380 4176 cs.
393 4121 428 4177 ln.
444 4123 457 4178 l
471 4125 502 4192 6.,
517 4123 530 4178 1
545 4122 583 4177 Ι).
597 4120 670 4192 quod
683 4123 833 4194 legatorum
847 4125 890 4188 43,
902 4125 927 4183 3.

63 4214 110 4268 19.
130 4210 190 4266 Vat.
205 4210 239 4264 l'r.
253 4213 278 4277 §·
293 4209 326 4261 91
340 4207 376 4262 ef.
389 4208 424 4262 ir.
440 4211 453 4262 1
468 4213 495 4277 6.
511 4210 524 4264 1
537 4209 580 4263 De
592 4211 630 4267 vi.
645 4207 687 4270 45,
702 4210 744 4264 16.

66 4303 111 4356 20.
129 4302 191 4354 Vat.
206 4299 241 4352 ir.
256 4297 283 4368 6.
299 4296 343 4350 92.
357 4293 401 4352 96.
425 4363 426 4366 ¹

67 4391 111 4446 21.
131 4383 351 4445 bertrandus
368 4387 403 4475 dp
417 4381 584 4450 taruennae
595 4381 643 4438 tib.
660 4384 688 4445 1,
705 4403 730 4442 c.
745 4385 780 4439 22
792 4390 819 4452 6.
832 4387 875 4442 90.
903 4407 927 4443 c.
942 4389 976 4444 25
987 4391 1073 4458 6.,13.
