2668 5092
194 323 263 405 uu
288 319 586 398 usmaucm.
613 319 959 426 p.10.1.2...1.o.
1049 329 1102 408 ss

152 504 208 610 [§.
233 503 311 606 89.]
365 509 422 582 Ad
444 509 623 610 Sabinum
646 507 711 584 lib.
733 507 840 584 XVII
856 524 887 582 ¹⁴.
956 511 1010 587 De
1035 508 1098 590 illo

64 611 275 714 Pomponius
292 609 453 686 dubitat:
488 613 521 684 si
535 607 747 714 fugitissuus,
789 611 831 684 in
845 638 918 713 quo
936 611 1099 689 ususfru-

63 729 131 790 ctus
157 739 262 788 meus
277 725 297 762 υ
317 727 389 807 est,
431 710 631 815 stilpuletur
645 725 670 762 ³²
691 713 851 814 aliquid,
880 713 940 788 uel
959 715 1098 791 manui-

60 819 154 918 pium
169 815 381 914 accipiam
409 839 454 890 an
470 841 536 916 per
549 812 621 889 hoc
635 817 767 916 ipsum,
794 817 898 916 quasi
913 831 930 866 ⁸
944 811 1098 918 utar⁰‚ss

57 921 228 1000 retineam
247 911 539 991 usumfructum?
564 919 752 1020 magisque
768 913 775 1018 Ι
791 917 949 992 admittit
964 920 1100 995 retius-
1150 905 1153 920 '
1192 947 1195 952 ¹

56 1019 128 1096 rib.
193 1019 292 1094 Nam
316 1045 421 1120 saepe
439 1019 581 1094 etiamsi
599 1019 847 1120 praesentibus
862 1021 975 1096 seruis
992 1015 1009 1122 ΙΙ
1026 1045 1099 1096 non

60 1203 76 1236 ὓ
93 1191 176 1253 llaec
190 1193 245 1274 §us
260 1187 420 1272 reperitur
431 1188 466 1250 in
477 1189 517 1251 ir.
535 1199 574 1254 12
589 1193 611 1274 i.
627 1199 645 1256 8
659 1187 731 1276 Ulp.
745 1187 800 1252 lib.
815 1185 925 1254 XVII.
946 1187 985 1254 ad
1001 1189 1099 1260 Salti-

114 1297 187 1336 num
204 1273 245 1338 D.
268 1275 302 1335 h.
324 1283 365 1351 t,
396 1285 591 1358 quapropter
609 1273 779 1336 lectionem
798 1273 948 1338 Vaticani
974 1273 1099 1340 Codicis

117 1364 166 1423 lib.
179 1358 276 1444 XJ'I.
290 1359 544 1444 reprobavimus.
593 1357 660 1422 Neo
680 1379 759 1420 vero
777 1379 858 1443 opus
874 1379 946 1424 esse
958 1359 1097 1440 videtur,

116 1456 150 1506 ut
163 1465 230 1505 eum
246 1441 335 1504 lllaio
350 1463 468 1506 nomen
485 1441 615 1530 Ulpiani
628 1443 885 1532 interponamus,
919 1447 993 1532 quia
1008 1449 1097 1508 nulla

110 1530 141 1592 in
158 1526 274 1592 Codice
286 1529 401 1589 lacuna
415 1527 516 1590 fuisse
533 1526 662 1590 videtur
676 1527 717 1591 ef.
732 1549 826 1614 supra
839 1529 871 1590 h.
888 1541 910 1591 t.
925 1552 958 1616 p.
975 1546 1001 1596 1.
1017 1533 1038 1592 l.
1058 1543 1096 1598 18
1120 1549 1124 1558 ·

106 1627 227 1678 notav.
273 1624 290 1656 v
312 1611 487 1692 Diponem
510 1613 721 1692 ususfructus.
776 1625 794 1658 Χ
815 1609 1099 1694 humavere.
1200 1605 1208 1621 ’

103 1705 243 1786 sopater.
290 1709 305 1752 1
317 1695 392 1776 Dig.
400 1701 570 1779 stipuletur
582 1693 703 1780 iliquiri
717 1709 803 1760 eorrr
814 1721 882 1776 pseu
897 1706 945 1762 vei
955 1721 1012 1784 per
1024 1713 1100 1764 tro·-

102 1789 256 1848 ditionem
269 1788 419 1868 accipiat.
429 1807 432 1812 ·
441 1781 599 1844 Similiter
613 1783 730 1862 legitur
740 1803 836 1870 supra
850 1783 884 1846 h.
900 1794 922 1845 t.
937 1805 968 1870 p.
981 1795 1008 1850 5.
1025 1785 1046 1847 l.
1057 1795 1097 1850 8⁰

100 1871 301 1952 mancipium
322 1871 475 1952 accipiat,
505 1871 569 1929 sive
588 1871 766 1950 stipuletur.
823 1866 980 1962 Supplere
1001 1868 1099 1950 igitur

102 1952 284 2018 debemus:
321 1971 364 2014 ex
386 1951 491 2038 operis
512 1952 578 2014 suis
591 1954 644 2014 rel
658 1971 747 2014 exre
762 1951 937 2030 fructuarii.
979 1951 1099 2034 lllirpm

100 2035 240 2126 quidem
254 2045 323 2114 est,
350 2047 387 2098 ut
403 2057 461 2122 pro
486 2035 618 2100 sfinem
633 2037 730 2100 huius
744 2037 770 2120 §i
781 2037 920 2118 legatur:
941 2045 1045 2102 monci
1068 2045 1100 2102 io

104 2128 255 2206 accipiat.
318 2133 334 2166 2
354 2120 431 2184 Vat.
472 2143 525 2206 ,φ
538 2141 564 2184 s.
577 2121 707 2190 lineolis
722 2120 932 2206 superductis.
994 2132 1009 2167 ⁸
1061 2145 1099 2186 oe

104 2210 244 2271 verbum
262 2204 385 2272 incuria
404 2205 608 2271 amanuensis
631 2208 682 2269 sui
703 2208 737 2270 in
758 2205 900 2270 editione
913 2205 992 2272 lllaii
1005 2207 1102 2272 exci-.

104 2291 203 2372 disse,
225 2291 297 2376 ipse
309 2289 344 2365 in
355 2287 526 2354 addendis
541 2301 685 2356 testatur.
728 2291 744 2334 l
764 2289 837 2374 Dig.
854 2299 992 2358 retinere.

57 2447 169 2508 utilioris
186 2407 403 2522 reprehendenili
432 2459 458 2502 et
481 2446 558 2504 rosel·
621 2449 717 2534 'quasi
726 2449 803 2517 utar]
821 2445 882 2502 lios
895 2447 957 2504 loco
968 2467 1019 2502 vox
1030 2467 1100 2535 qun·

62 2517 135 2572 tenti
144 2519 280 2574 notionem
291 2517 386 2582 haben
404 2517 477 2599 quod
490 2537 558 2572 uero
599 2519 659 2573 min
671 2517 774 2588 vulgari
786 2518 1042 2588 eiussignifioatioue
1050 2537 1098 2572 rm·

60 2585 91 2640 in
101 2585 275 2644 lrunclooum
290 2605 348 2640 nun
362 2585 441 2642 cadit.
461 2585 558 2656 Bris-
599 2586 770 2662 proprietatis
783 2597 863 2656 utque
880 2585 997 2640 fictionis
1017 2589 1099 2651 venit,

57 2656 224 2712 soniusir.
241 2653 351 2724 042.
600 2656 732 2729 quianon
747 2671 826 2708 verus
839 2673 905 2708 usus
918 2655 965 2720 sit,
994 2656 1041 2710 sed
1054 2657 1099 2710 ille

91 2722 174 2793 §.82
207 2725 255 2780 De
269 2724 330 2848 illp]
349 2742 387 2777 sc.
407 2741 479 2801 mou.
516 2721 557 2778 Si·
597 2725 683 2778 morlo
697 2743 751 2778 esse
765 2721 889 2794 fingetur.

58 2793 154 2846 militer
183 2791 279 2851 scribit
332 2791 436 2848 lianus
464 2791 501 2849 sr.
525 2793 558 2848 16
633 2793 773 2846 retrireum
807 2789 943 2862 mantissa]
988 2793 1015 2848 ls
1052 2793 1098 2864 qui

62 2866 85 2928 ς.
100 2860 244 2918 lDetest.
260 2871 311 2914 tut.
349 2859 420 2926 6,2ι
452 2866 488 2914 de
507 2864 558 2914 lsoo
600 2860 798 2916 'usumfructum
819 2859 914 2922 habet,
943 2861 965 2914 si
1006 2862 1096 2915 uidem

64 2931 226 3000 Pomponius
238 2931 358 2990 dubitat.
376 2939 402 2983 et
416 2929 451 2984 fr.
465 2930 500 2984 28
513 2949 554 3002 pr.
599 2931 686 2986 sciens
714 2949 742 2982 se
766 2927 966 2988 usumfructum
986 2879 1100 2994 iubere,

63 2995 96 3052 D.
108 3019 159 3072 pro
172 2999 259 3054 susim
273 2997 351 3060 1732
372 3003 408 3052 de
421 2999 558 3054 ilioPom·
600 3009 703 3054 tautum
717 2999 757 3050 uti
767 2987 850 3060 lvelit,
882 2997 1055 3054 nihilominus
1073 3010 1098 3052 st

63 3071 283 3132 pontissdubitut.
598 3067 653 3122 frui
666 3066 820 3122 videturlr.
834 3067 917 3120 201).
932 3066 959 3120 lo.
974 3079 994 3120 t.

94 3137 270 3206 Pomponius]
290 3133 471 3192 verisimiliter
486 3133 557 3190 libro
634 3137 771 3204 admittit]
804 3135 822 3192 i.
846 3155 870 3188 e.
884 3137 1007 3190 concedit
1019 3157 1041 3192 s.
1054 3157 1099 3210 sp·
1119 3189 1122 3196 Δ

71 3205 453 3342 iii¹⁰3⁰ss²⁶if⁰¹ifii³i2³i⁰⁰
471 3203 556 3260 ofiir.
598 3206 725 3326 Ρὲοδςιίίἳ
745 3203 944 3341 ῗὶεὸΙεςςίιᾶιυῧ
972 3206 1100 3327 Ιέιᾶιὶξηω
1137 3261 1140 3266 ,

122 3315 126 3326 .
211 3291 316 3328 euris
365 3312 413 3333 ‚.
600 3293 712 3328 umrt
758 3294 780 3326 r.
853 3313 859 3326 .
948 3292 1099 3330 eeruss.

98 3345 213 3411 urticat]
244 3341 298 3396 Sed
313 3341 433 3396 dubitare
445 3362 500 3396 uon
514 3341 558 3396 ‹le-
599 3343 643 3410 46,
658 3341 683 3394 3.

69 3405 155 3467 luitex
173 3411 273 3467 Iuliani
289 3424 314 3465 et
327 3409 438 3482 Ulpiani
453 3422 557 3464 senten·
635 3413 710 3464 Num
744 3409 827 3474 saepe
853 3410 918 3477 eim]
959 3407 1100 3481 Utraequs
1214 3425 1219 3440 '

67 3478 106 3544 lis,
131 3471 287 3536 seeundum
325 3499 406 3550 quam
438 3477 559 3552 quaestio
601 3499 711 3541 causae,
738 3479 808 3532 unde
821 3477 989 3532 ususfructus
1002 3479 1098 3534 retius·

77 3570 120 3605 seu
131 3551 194 3604 sine
210 3549 294 3602 dubio
312 3548 496 3602 confirmanda
509 3559 557 3602 est.
601 3550 625 3602 ri
645 3547 744 3619 possit,
774 3548 807 3600 ab
827 3545 948 3618 Ulpiano
961 3546 987 3600 lr.
1003 3547 1022 3601 l.
1039 3567 1100 3618 pro·

58 3615 119 3673 lude
132 3625 204 3674 verti
217 3628 277 3670 orta
292 3626 331 3669 est
339 3617 478 3682 dubitatio,
497 3617 559 3688 quin
601 3618 667 3690 poni
683 3617 818 3678 videntur,
843 3625 869 3667 et
882 3613 954 3667 solus
967 3616 1102 3672 retinendi

56 3687 149 3742 sinon
169 3685 265 3742 redeat
283 3683 424 3758 fugitivus,
452 3687 515 3739 licet
531 3705 560 3738 ex
601 3686 720 3748 animus,
750 3693 776 3736 et
795 3683 896 3736 lactum
917 3684 1053 3750 quoddam
1067 3683 1101 3738 acl

54 3774 80 3808 re
106 3753 255 3811 fructuarii
283 3754 439 3824 stipuletur,
468 3766 560 3810 tamen
603 3773 664 3808 eum
679 3753 776 3816 finem,
799 3769 833 3802 ne
846 3750 1012 3806 ususfructus
1024 3755 1102 3808 amit·

50 3823 115 3878 huic
126 3825 198 3878 nihil
213 3819 346 3892 adquirit,
374 3823 490 3894 ideoque
506 3824 560 3876 sru·
603 3831 683 3876 tatur.
732 3819 827 3886 Quum
853 3819 935 3891 igitur
961 3821 1029 3874 duae
1051 3821 1101 3882 hat

51 3894 178 3946 ctuarius
211 3911 269 3944 non
300 3889 401 3944 utendo
424 3891 560 3947 usumfru·
604 3908 706 3952 causae,
724 3900 749 3942 et
760 3889 870 3941 allectus
882 3889 1014 3943 retinendi
1026 3909 1101 3944 usus·

50 3972 127 4016 etum
143 3959 273 4016 amittere
289 3959 437 4016 videretur.
470 4001 475 4012 .
499 3981 502 3990 ·
603 3960 720 4020 fructus,
750 3968 776 4010 et
792 3975 886 4013 servus
899 3956 1039 4012 fructuarii
1054 3978 1101 4012 no·

75 4031 237 4100 fugitiuus]
260 4027 303 4082 De
323 4029 403 4086 variis
421 4028 500 4083 huius
513 4048 561 4084 vo·
604 4028 677 4080 atino
688 4025 789 4099 aliquid
805 4023 906 4079 faciens
921 4027 950 4080 in
963 4028 1102 4098 proposita

48 4099 145 4152 sabuli
163 4099 197 4153 ab
214 4093 485 4152 lCtisRomenorum
500 4112 561 4168 pro·
604 4096 691 4169 specie
719 4104 900 4159 concurrant,
932 4094 1102 4168 Pomponius

47 4167 153 4238 positis
172 4166 332 4220 notionibus
354 4165 390 4222 ci.
414 4167 448 4220 lr.
465 4167 498 4219 17
537 4187 561 4220 r.
604 4163 800 4218 admittendum
823 4183 886 4230 *esse
914 4165 1032 4235 putavit,
1072 4176 1104 4218 ut

50 4239 141 4304 ...§.
161 4235 209 4294 16,
251 4233 334 4289 ΜΞ
359 4235 490 4302 5.1...,3
548 4247 563 4289 e
604 4234 773 4288 ususfructus
785 4231 944 4286 retineretur
956 4233 1035 4288 [1212
1047 4233 1103 4300 §.4

48 4303 135 4360 tedii.
151 4303 300 4382 eoi-21&
316 4304 351 4361 fr.
365 4303 418 4362 225
428 4305 471 4358 De
481 4301 516 4358 V.
532 4301 562 4358 S.
605 4303 641 4357 D.
656 4302 683 4354 lr.
700 4314 718 4355 t.
762 4301 863 4353 Verum
884 4300 1009 4366 lulianus,
1031 4321 1101 4372 quo·

768 4375 794 4443 F
823 4388 843 4446 2
