2702 5098
250 305 340 432 'eis
412 352 666 430 veneant
689 295 995 430 resonarem
1014 305 1051 454 i.
1068 369 1152 434 ccc.
1206 464 1210 470 Ι

161 589 172 618 r
267 568 353 618 nam
366 567 511 646 semper
521 523 732 644 exceptione
741 543 887 618 Cinciae
902 544 957 616 uti
971 543 1172 645 potuitnon
1191 541 1308 614 solum
1346 593 1347 612 r

268 647 365 746 ipse,
403 657 557 738 lterum‚·
589 661 630 720 ut
643 645 885 739 Proculianie
904 659 1027 718 contra
1049 639 1309 742 Salrinila'nosl

215 749 223 768 ‘
268 761 416 850 putant,
450 749 559 826 etiam
574 749 716 846 quiuis,
755 749 859 846 quasi
874 746 1059 848 popularis
1076 743 1230 833 sithaec
1245 772 1310 816 ex·
1346 743 1347 762 ¹

252 850 411 952 ceptio,
449 849 512 924 sed
527 864 562 924 et
577 846 709 922 heresi
733 851 830 941 eius,
871 851 943 922 nisi
959 843 1062 949 lorlte
1073 847 1231 924 durante
1248 872 1311 917 uo·
1346 847 1347 850 ’

268 950 410 1026 luntate·
418 949 610 1026 decesserit
624 943 814 1052 &donator
865 952 1008 1024 Etenim
1017 951 1090 1029 doli
1104 949 1313 1050 replicatie

269 1168 285 1214 e
303 1153 354 1220 Ita
368 1154 493 1226 correxi
506 1165 635 1218 auctore
648 1155 788 1220 Dirksen
797 1155 966 1236 Beitraege
982 1177 1013 1242 p.
1021 1169 1066 1221 120
1080 1167 1155 1218 nota
1165 1161 1186 1222 4·
1189 1166 1225 1220 5.
1241 1157 1315 1218 Vat.
1347 1169 1348 1202 t

322 1238 358 1304 G.
381 1234 586 1322 Proculeium.
642 1239 731 1304 ¹¹Ita
763 1239 908 1303 Rudorff.
931 1241 1016 1304 Diss-
1043 1242 1095 1304 cit.
1125 1263 1156 1325 p.
1180 1252 1228 1308 35
1253 1250 1317 1305 n.t

291 1325 294 1334 “
318 1345 461 1412 quocum
474 1322 804 1388 consentitZimmern
821 1323 1013 1390 Gesehichte
1027 1338 1086 1390 ete.
1103 1325 1184 1388 121.
1202 1349 1240 1412 p.
1261 1337 1317 1391 est

324 1431 357 1472 n.
370 1423 400 1475 9.
422 1407 621 1496 Ribbentrop
635 1409 788 1489 coniecit,
811 1409 978 1473 librarium
990 1431 1032 1476 ex
1045 1411 1251 1472 abbreviatis
1266 1433 1319 1472 ne

323 1494 465 1566 minibus
477 1495 552 1556 sab.
574 1507 605 1556 et
626 1491 697 1558 Cos.
720 1495 854 1558 finxisse
876 1499 1021 1564 robertum
1057 1493 1115 1560 sed
1136 1496 1170 1556 in
1198 1496 1320 1560 Codice

253 1600 254 1603 ¹
322 1577 422 1643 modo
438 1579 553 1660 legitur
565 1580 638 1641 sab.
652 1580 705 1642 vel
720 1577 815 1644 Salate.
853 1579 968 1648 Lectio
980 1581 1056 1644 Vat.
1074 1577 1205 1643 Codicis
1224 1585 1322 1644 tabu-

323 1669 373 1726 tas
386 1666 476 1726 nullo
490 1661 588 1726 modo
602 1661 733 1726 defendi
745 1675 859 1750 potest.
889 1665 971 1730 Nam
985 1666 1046 1727 etsi
1057 1666 1226 1728 vellemus
1244 1667 1323 1750 s‘up-

349 1750 430 1811 lere:
467 1750 697 1828 legistabulae,
729 1751 913 1814 hortamen
926 1771 992 1812 non
1012 1747 1211 1835 quadra-ret,
1254 1753 1323 1836 quia

324 1771 405 1896 liam
418 1832 680 1896 Proculianorum
692 1833 801 1918 opinio
815 1856 880 1896 non
893 1835 928 1895 in
943 1837 1015 1914 lege
1028 1835 1096 1918 ipsa
1112 1833 1248 1912 Cincia,
1266 1835 1324 1899 sed

67 1961 68 1972 r
323 1917 571 1982 inconclusione
585 1937 628 1978 ex
641 1920 765 1980 ratione
779 1920 858 1998 legis
872 1919 993 1982 nititur.
1016 1918 1326 1984 DirksenBeitr'ae-

110 2013 111 2018 ’
214 2059 215 2064 ,
323 2005 933 2088 geetc.p.9sseqq.cfip.eonora45.
956 2001 1221 2070 iveramus.
1252 2007 1327 2070 ktra

325 2089 459 2152 correxi.
474 2087 549 2149 Vat.
564 2085 599 2151 C.
613 2091 751 2188 decessit.
985 2113 989 2124 ’
1141 2109 1155 2132 '-

307 2253 508 2326 nam'eemper
535 2258 601 2324 etcc]
637 2255 772 2328 Perpetua
814 2258 927 2312 omnino
941 2257 1138 2324 manifestalit;
1154 2269 1293 2314 attamen
1306 2281 1324 2312 a

272 2342 313 2388 est
324 2330 397 2384 enim
412 2328 502 2382 omnis
517 2325 652 2398 exceptio,
669 2324 772 2397 siquid
814 2347 871 2380 esse
886 2325 1011 2387 videtur,
1043 2349 1112 2400 quae
1128 2348 1187 2382 nou
1209 2331 1244 2382 in
1262 2331 1322 2384 here

272 2409 369 2460 contra
379 2387 449 2468 leges
462 2395 564 2450 sactum
585 2413 641 2448 esse
657 2394 770 2448 dicetur.
814 2396 877 2450 dem
892 2395 1032 2450 donatoris
1048 2396 1134 2449 solnm
1144 2391 1159 2458 ,⁴
1180 2399 1242 2450 sed
1267 2401 1327 2452 etin

272 2465 397 2523 lnSDe
410 2473 509 2536 except.
524 2464 566 2528 44,
581 2466 605 2518 1.
816 2465 962 2534 quemlibet
993 2465 1031 2517 rei
1064 2466 1177 2518 donatae
1216 2470 1327 2521 tertium

307 2546 339 2590 ut
353 2535 526 2591 Peaeulr'eirn'.
536 2572 544 2588 .
555 2571 560 2586 .
567 2534 681 2600 putant]
701 2531 773 2584 Haec
815 2551 995 2605 possessorem
1008 2535 1111 2594 transit,
1129 2535 1249 2589 utnilril
1265 2535 1329 2590 aliud

273 2625 328 2660 una
345 2615 384 2660 est
403 2623 471 2657 nora
493 2601 678 2656 controversia
698 2601 774 2654 echo·
816 2604 864 2666 sit,
887 2621 966 2672 quam
982 2604 1098 2674 vulgaris
1114 2621 1176 2656 exce
1201 2606 1268 2666 tio,
1294 2626 1329 2658 cu·

274 2675 377 2737 larum,
403 2669 785 2742 quarndebemnsVat.l1·a·.
816 2671 858 2725 ius
889 2671 1053 2724 mentionem
1085 2672 1157 2725 idem
1226 2675 1330 2744 lpiamrs

295 2740 436 2798 meamet.
457 2738 613 2794 Dirlrsen
626 2743 644 2797 1.
659 2743 679 2792 1.
695 2738 774 2820 pet.
816 2740 881 2794 lacit
899 2738 968 2792 sr.·8
987 2759 1029 2810 pr.
1053 2741 1097 2793 De
1119 2742 1260 2812 popular.
1284 2755 1330 2796 act.

274 2763 383 2866 ialam
406 2809 490 2862 fuisse
508 2808 584 2862 hanc.
600 2807 774 2862 Proculmno·
817 2807 859 2872 47,
873 2808 916 2861 25.
935 2807 984 2860 De
1002 2809 1205 2864 Schroeter
1233 2813 1333 2866 Obser-

273 2899 338 2936 rum
350 2877 510 2934 sententiam
521 2897 550 2930 er
564 2877 591 2932 ri
607 2886 632 2930 et
645 2885 775 2946 potestate
818 2881 942 2932 vationes
954 2877 1028 2932 Iuris
1042 2881 1132 2934 cicilie
1154 2879 1250 2934 lenae
1262 2881 1332 2936 182st

217 2947 222 2974 ¹
275 2948 439 3020 exceptionis
462 2945 571 3001 Cinciae
584 2943 663 3017 plane
676 2963 775 3016 cogno·
817 2948 844 3002 8.
860 2967 886 3018 p.
895 2946 930 2998 98
942 2965 1016 3018 seqq.
1037 2947 1068 3000 ln
1079 2948 1129 3000 hac
1142 2966 1202 3000 una
1220 2969 1256 3004 re
1274 2969 1331 3005 con·

274 3018 367 3074 scitur.
390 3015 467 3070 ,Non
479 3015 592 3068 enimin
604 3013 697 3069 odium
711 3014 776 3074 eius,
818 3017 921 3087 gruisse
938 3014 992 3070 hoc
1016 3015 1050 3070 de
1076 3016 1290 3074 donationibus
1310 3019 1330 3070 in

274 3086 321 3145 cui
335 3085 465 3144 debetur,
486 3084 604 3154 exceptio
618 3082 712 3144 datur,
728 3082 775 3136 sed
819 3087 977 3140 universum
1002 3095 1120 3138 tractans
1146 3097 1243 3156 caput
1275 3089 1331 3159 legis

275 3155 333 3209 eius
346 3173 441 3218 causa,
460 3153 506 3222 qui
521 3151 653 3224 promisit·
691 3149 776 3218 Igitur
819 3154 929 3210 Cinciae
957 3171 1020 3206 cum
1039 3153 1122 3208 altero
1150 3153 1215 3207 eius
1240 3159 1333 3229 eapite,

275 3225 317 3278 lex
329 3243 386 3280 non
398 3221 471 3282 vult,
490 3231 519 3273 ut
532 3220 643 3291 quilibet
656 3237 714 3271 rem
728 3220 776 3271 do·
819 3222 893 3295 quod
916 3221 949 3274 de
969 3223 1125 3276 muneribus
1155 3223 1194 3274 ob
1220 3245 1333 3280 causam

275 3301 366 3348 natam
385 3291 477 3361 potius
497 3289 605 3354 habeat,
635 3287 777 3358 quamdo·
820 3291 949 3344 orandam
966 3292 1058 3372 egerit.
1078 3291 1273 3348 Schrader
1293 3296 1333 3346 tt.

274 3360 409 3424 natarius,
430 3359 477 3412 sed
491 3357 652 3412 donatorem
669 3357 777 3426 eiusque
839 3397 848 3414 .
870 3359 920 3413 185
939 3359 1097 3423 arbitratur,
1126 3360 1162 3412 ita
1177 3372 1214 3414 ut
1229 3363 1334 3418 Procu-

273 3429 401 3483 heredem
413 3427 617 3499 quodammodo
631 3425 700 3479 tueri
712 3424 777 3487 vult,
820 3381 969 3549 llanipuod
991 3429 1103 3482 alterum
1128 3441 1217 3499 capue
1244 3451 1334 3486 same.

276 3498 339 3570 quia
355 3500 377 3552 ie
393 3517 446 3554 uua
464 3515 527 3550 cum
540 3505 665 3550 testatore
687 3511 777 3566 perso-
819 3499 863 3562 rit,
881 3519 894 3551 a
927 3497 1044 3568 primum
1059 3516 1169 3568 rpuoque
1182 3503 1334 3554 traxerint.

275 3559 561 3635 ncesseintelligitur.
855 3568 910 3618 misi
927 3566 1007 3634 sorte
1042 3569 1107 3636 eto]
1150 3565 1334 3623 Praesnmtio

312 3640 400 3718 citiam
413 3635 514 3753 qpt'ttt'tp
533 3634 550 3686 l·
561 3651 584 3687 e·
594 3633 709 3754 quisptte
719 3650 778 3685 suc·
822 3646 920 3694 certat,
950 3646 1090 3688 mortuum
1111 3653 1268 3693 revocasse
1293 3638 1335 3690 do

277 3724 369 3758 sessor
380 3724 410 3757 ιιι
421 3718 499 3774 singu

276 3775 319 3828 nie
332 3791 412 3828 causa
424 3790 501 3826 eusoe
521 3783 574 3824 tem
588 3770 780 3841 obligationem
820 3774 977 3826 donatarius
991 3773 1135 3826 donantem
1149 3773 1281 3832 durante
1295 3795 1336 3830 ro·

202 3864 206 3873 ’
279 3862 303 3898 e.
324 3861 350 3914 g.
370 3840 477 3895 debitor
496 3789 666 3904 donationis,
690 3839 711 3892 si
733 3837 779 3892 do»
823 3843 924 3896 luntate
953 3853 1091 3894 mortuum
1121 3861 1178 3894 esse
1214 3848 1336 3913 probare

280 3921 361 3967 nater
373 3929 437 3964 eum
456 3907 597 3962 donatario
619 3908 780 3978 delegaverit
827 3912 913 3964 debet.
958 3910 988 3962 ln
1010 3907 1102 3964 eadem
1123 3912 1268 3964 sententia
1291 3921 1337 3966 stet

280 3981 315 4036 [ι’.
330 3978 364 4032 21
376 3973 437 4045 §.i
452 3975 495 4029 De
508 3976 599 4031 donat.
617 3976 660 4040 39;
676 3979 706 4040 5,
738 3977 780 4027 vel
823 3979 930 4032 Haase
946 3983 965 4031 1.
981 3982 999 4030 1.
1014 3999 1040 4049 pr
1055 3980 1115 4042 204,
1132 3979 1203 4044 eoru
1223 3982 1265 4033 cf.
1284 4001 1336 4051 arg.

280 4047 423 4104 fideiussor
446 4046 517 4110 eius,
552 4047 600 4118 qui
630 4046 782 4100 donationis
823 4050 857 4101 fr.
874 4047 908 4100 ΞΒ
924 4047 1046 4118 ὓειάοη.
1063 4048 1241 4116 interv¹.24,
1258 4053 1287 4104 1.

281 4135 361 4170 cauea
374 4114 509 4188 promisit.
527 4114 561 4166 fr.
577 4115 612 4168 24
625 4115 662 4168 D.
676 4115 737 4168 eod.
857 4117 1019 4169 Etenim...
1032 4115 1146 4182 luerba]
1168 4118 1200 4168 ln
1218 4138 1284 4190 seq.
1300 4139 1336 4171 re·

312 4185 459 4252 populor&
481 4185 516 4236 stt
542 4187 610 4236 traca
644 4186 780 4249 exceptio}
826 4187 927 4256 scripto
949 4185 981 4237 de
1008 4185 1057 4238 lrac
1076 4185 1130 4238 doli
1151 4185 1337 4254 replicatione

281 4253 369 4307 Antea
382 4251 461 4306 nobis
476 4251 555 4324 plane
572 4253 637 4306 haee
655 4253 731 4304 notio
745 4253 782 4303 in·
827 4255 897 4306 nulla
926 4255 954 4307 lit
974 4256 1092 4316 mentio,
1122 4254 1249 4326 ideoque
1272 4277 1337 4310 con·

266 4321 464 4393 ,eoguitefuit
508 4320 782 4392 Nuncquoqudnon
826 4323 972 4377 iiciendum
993 4335 1046 4385 est,
1076 4324 1166 4386 illam,
1198 4325 1338 4396 adquam

510 3722 553 3755 am
571 3701 640 3756 hano
675 3701 779 3754 onatio·
822 3705 960 3770 nationem
976 3703 1149 3773 promissam,
1181 3718 1336 3777 propterea
