2752 5100
26 1033 29 1114 ⁵
144 1086 147 1102 ¹
266 1083 705 1210 zlsrounsus
747 1073 775 1162 1.

112 1293 179 1411 'nr
196 1295 386 1356 rourtnus
406 1299 686 1358 vsrrcsuonuu
710 1300 1042 1364 rasormnronuu.
1140 1285 1151 1390 j

58 1555 106 1658 ln
125 1579 194 1658 liac
208 1583 297 1656 iuris
306 1583 465 1658 Romani
478 1584 780 1670 Anteiustinianei
796 1583 1015 1682 collectione,
1042 1616 1107 1666 cu-

56 1696 116 1766 ius
132 1700 258 1764 v'erum
286 1715 414 1762 nomen
438 1692 662 1790 ignoramus,
705 1691 760 1762 uti
781 1691 821 1764 in
846 1693 972 1765 ceteris
994 1691 1104 1770 huius

57 1795 233 1894 temporis
257 1791 572 1892 compilationibus
589 1790 618 1884 ¹,
661 1793 743 1865 iure
771 1815 814 1866 ao
838 1791 933 1893 leges
957 1821 1104 1900 compo—

57 1911 206 1979 nuntur.
274 1897 352 1967 Hae
366 1895 514 1996 quidem
529 1907 703 1996 quantum
721 1893 827 1968 nobis
841 1909 1020 1971 serratum
1038 1916 1101 1993 est,

55 1999 118 2073 vel
131 1996 318 2070 ririuimam
334 1996 443 2070 huius
464 2023 485 2070 o
514 1997 581 2070 oris
604 2011 743 2098 partem
766 1997 927 2072 efficiunt
942 1997 966 2074 ².
1018 2001 1100 2075 Iura

55 2128 145 2176 vero
163 2114 196 2172 et
214 2127 260 2172 ex
278 2097 444 2173 ICtorum
459 2023 564 2172 libris
582 2115 618 2172 et
633 2125 679 2172 ex
696 2100 956 2200 Imperatorum
970 2105 1099 2178 rescri-

53 2203 129 2308 ptis
146 2201 346 2278 traduntur.
398 2201 502 2276 Prius
516 2199 561 2274 tle
577 2201 687 2296 this‚
714 2227 909 2304 eorumque
922 2203 1027 2280 libris
1044 2207 1101 2278 vi-

54 2305 216 2382 dendum
232 2321 295 2380 est.

160 2407 366 2482 Invenimus
381 2419 453 2480 tres
473 2419 614 2478 tantum
635 2402 756 2497 ICtos‚
800 2404 1098 2508 inscriptionibus

56 2509 339 2610 fragmentorum
354 2507 561 2610 appellatos,
588 2534 636 2581 ex
651 2533 807 2608 quorum
821 2509 962 2612 scriptis
976 2527 1096 2586 nostra
1198 2549 1202 2556 ·

59 2613 253 2714 fragmenta
269 2627 352 2685 sunt
374 2625 562 2710 excerpta:
606 2609 865 2710 Papinianum,
901 2612 1096 2712 Ulpianum

58 2729 94 2788 et
107 2715 256 2796 Paulum
273 2713 330 2790 ²⁶.
398 2713 465 2788 His
481 2711 598 2786 tribus
612 2710 820 2796 nominibus
837 2714 1006 2818 inspectis
1024 2717 1096 2790 mi-

52 2845 122 2891 nus
136 2817 242 2891 uobis
256 2819 349 2896 mira
371 2814 487 2888 rideri
540 2815 705 2908 orestilla
722 2813 957 2890 celeberrima
973 2813 1096 2892 Theo-

53 2919 151 3018 dosii
166 2919 209 2996 II.
228 2841 590 2994 etvaleminianilss.
608 2916 816 2994 constitutio
832 2915 864 3012 ⁸,
880 2943 972 2992 tuae
989 2943 1095 3026 prae-

52 3039 111 3096 ter
139 3024 272 3096 Gaium
294 3038 330 3094 et
343 3019 596 3094 'Modestinum
625 3015 683 3092 bis
708 3033 848 3094 tantum
874 2947 1095 3096 lriumviris

50 3126 303 3222 auctoritatem
317 3125 356 3198 1’11
372 3121 515 3196 iudiciis
528 3121 675 3194 retineri
691 3121 855 3194 sancivit:
895 3123 993 3200 Nam
1009 3149 1093 3230 pro-

48 3229 333 3327 fecto‘iamante
350 3225 449 3302 illam
465 3219 580 3324 legem
594 3221 641 3296 ab
656 3217 890 3324 Imperatoris
910 3227 1093 3304 maiestate

51 3331 222 3407 emisseni
241 3329 382 3427 ludices
405 3341 511 3427 atquo
535 3326 626 3399 iuris
650 3324 885 3426 professores,
928 3327 1094 3402 saneho-
1191 3403 1195 3410 ,

50 3459 137 3506 rum
176 3431 499 3506 illustrissimorum
539 3427 705 3504 lCtoruru
745 3427 889 3530 scriptis
924 3432 1093 3524 contenti,

52 3549 190 3608 ceteros
213 3536 404 3635 scriptores
426 3557 499 3605 non
522 3547 737 3606 curaverunt
751 3531 777 3605 ⁴.
847 3523 1096 3607 Nihilominus

91 3716 115 3765 l.
136 3711 305 3767 Consultatio
318 3711 412 3766 veleris
424 3711 497 3775 lcii,
515 3713 602 3766 Mors.
618 3722 644 3764 et
656 3709 767 3772 lionam.
781 3701 834 3767 Π.
849 3711 973 3790 Collalio'.

89 3801 115 3852 2.
135 3799 197 3852 Vst.
214 3797 248 3853 lr.
262 3803 287 3864 §.
302 3796 357 3852 81?
373 3801 400 3866 §.
417 3797 467 3859 35,
485 3801 510 3868 §.
525 3797 573 3859 37,
589 3801 615 3864 §.
631 3793 698 3857 248,
715 3801 742 3864 §.
758 3794 826 3859 249,
847 3801 873 3867 §.
886 3797 958 3851 287?

90 3887 141 3940 2¹.
161 3885 192 3938 ln
215 3885 307 3938 eadem
327 3885 456 3938 sententia
472 3894 542 3938 stant
571 3883 671 3958 llugo
692 3881 850 3952 Qmobieble
890 3905 929 3958 ag.
944 3887 996 3942 δα)
1014 3889 1031 3956 l
1047 3891 1095 3954 lS;

93 4031 96 4036 Ι
124 3953 221 4076 lim
248 3953 299 4006 [ὅ
327 3973 402 4024 seqq.
427 3964 456 4007 et
480 3949 660 4007 Schrader
685 3951 823 4006 Kritr'scbe
847 3905 1005 4028 zeitschrift
1023 3959 1094 4030 fuer

155 4023 417 4092 eobtswirsenscbast
441 4022 601 4094 Tuebingen
616 4022 691 4076 1826.
705 4023 732 4076 8.
747 4022 781 4076 T.
798 4023 819 4076 l.
832 4044 859 4096 p.
877 4025 926 4077 170
949 4032 976 4080 el
992 4025 1093 4080 lloll-
1180 4033 1183 4040 ’

123 4111 197 4164 weg
216 4093 353 4145 Versuolre
366 4111 393 4164 p.
405 4091 457 4148 201
476 4103 540 4146 uota
556 4091 614 4159 106.

87 4177 114 4234 8.
136 4197 160 4232 o.
178 4179 254 4234 lTb.
269 4177 300 4232 C.
315 4179 348 4232 de
361 4179 495 4252 responsis
510 4177 675 4250 prudentum
692 4181 717 4242 l,
729 4175 756 4232 4.

88 4267 116 4320 a.
134 4267 232 4336 nugo
257 4266 415 4322 oeneus
435 4277 486 4320 sa.
508 4263 601 4338 poss
622 4265 641 4318 t.
657 4267 691 4320 ro
709 4284 785 4338 seqq.
827 4251 1014 4325 <usnam
1042 4269 1093 4330 cs-

39 4345 47 4354 '
123 4337 240 4391 selme
252 4345 304 4392 ete.
321 4353 348 4408 p.
361 4334 413 4388 217
425 4354 455 4390 n.
469 4333 525 4388 to:
547 4333 727 4391 Schrader
742 4337 764 4390 1.
778 4337 915 4409 Lpstlb.

658 4427 665 4454 J
