2752 5100
95 410 98 427 ·
146 375 152 384 ’
213 375 278 450 ns
303 361 547 454 rounnos
571 371 685 452 vsu.
713 349 891 452 maon
995 383 1072 458 sea

135 563 257 638 Restat
270 573 410 637 tantum
425 559 760 662 breris'disputatio
783 560 841 638 de*
846 562 1072 664 generalibus

42 664 190 768 epistolis
213 681 277 740 sen
303 663 353 758 'de
374 663 550 766 legibus,·
572 685 661 764 quas
678 661 852 740 Vaticana
874 665 1073 768 fragmenta

43 769 141 843 nobis
158 763 347 842 exhibent.
527 769 530 776 ’
757 781 760 791 “

47 900 53 922 τ
137 870 210 942 Hic
226 868 407 969 pertinent
421 866 514 940 duae
531 865 838 943 Constantini
862 869 1073 964 sanctiones,

40 965 166 1070 arado
181 977 276 1062 249,
310 967 419 1072 altera
436 963 481 1069 §o
499 974 738 1046 tlo'serrata.
807 971 926 1044 Huius
941 973 1075 1046 consti-

39 1074 199 1150 tutionis>
206 1095 302 1146 anno
319 1085 391 1148 aso
410 1071 566 1174 sancitae
587 1070 734 1144 initium
758 1069 997 1167 desideratur,
1038 1087 1075 1149 et

24 1187 110 1252 'non
126 1173 243 1250 solum
259 1173 429 1250 verlltrm:
470 1178 632 1246 valramus
640 1225 653 1259 ,
688 1172 751 1247 sed
766 1176 883 1248 omnis
902 1177 1075 1254 orationis

38 1294 139 1353 tenor
153 1301 233 1350 eam
245 1275 448 1375 generalem
461 1301 536 1349 esse
555 1274 743 1376 epistolam
757 1275 900 1378 probat.
951 1277 1076 1352 Altera

37 1379 243 1455 constitutio
260 1373 303 1476 §o
321 1389 395 1455 ato
420 1377 527 1452 nobis
547 1377 680 1450 tradita
695 1378 856 1479 profecto
872 1393 925 1453 est
937 1377 999 1458 lex
1014 1407 1078 1480 ge-

39 1483 168 1556 neralis
183 1476 416 1556 Constantini.
485 1479 598 1554 Valde
613 1480 653 1552 in
668 1481 848 1580 epitomen
861 1481 1005 1556 redacta
1018 1509 1078 1556 re·

37 1587 175 1686 peritur
191 1584 278 1658 mc.
300 1579 412 1658 1'Th.
432 1579 473 1656 C.
495 1579 541 1654 do
561 1581 682 1655 donat.
702 1595 737 1674 8,
756 1597 801 1658 12
825 1596 861 1656 ct
881 1583 919 1656 in
934 1609 964 1658 c.
983 1596 1031 1661 2⁶
1048 1584 1077 1661 l.

38 1689 81 1761 G.
97 1684 172 1760 eod.
191 1699 225 1780 8,
245 1695 305 1762 ⁶4.
345 1685 411 1757 ‘De
432 1708 526 1756 anno
548 1697 711 1777 tantum,
735 1708 808 1784 spuo
830 1681 922 1760 haec
946 1688 1081 1760 consti-
1158 1691 1164 1700 '

39 1789 132 1864 tutio
147 1788 283 1862 sancita
299 1787 358 1878 sit,
376 1813 398 1860 a
413 1783 676 1860 recentioribus
684 1785 876 1861 acriterdis
902 1785 1079 1862 utaturffl.

81 1915 84 1924 ·
141 1883 317 1990 §nmddt
333 1885 573 1988 fragmentum
593 1911 706 1962 novae
728 1887 818 1988 legis
839 1813 906 1964 ab

40 2019 90 2068 no
104 1991 207 2068 datae
220 1991 402 2068 continere
415 2003 520 2091 putat-
542 1985 787 2084 werck-¹⁵⁸,
812 1989 874 2064 'sed
889 2016 961 2065 non
976 1993 1083 2066 iustis

39 2093 134 2172 mihi
152 2093 295 2169 videtur
307 2092 511 2168 rationibus
532 2116 609 2180 esse
623 2089 779 2166 subnixa
801 2093 878 2166 eius
894 2095 1080 2168 sententia.

40 2201 216 2274 Reverso
241 2193 544 2272 donstantini
566 2191 693 2268 siliis
717 2193 866 2288 emissa,
909 2195 1085 2297 constan-2

41 2302 118 2375 tino
132 2315 253 2374 tamen
268 2295 387 2373 adhuc
399 2296 484 2372 vivo
499 2295 632 2370 sancita
647 2309 701 2369 est
714 2295 777 2370 lex
792 2295 954 2372 edictalis
971 2294 1014 2397 §a
1033 2305 1079 2374 86

42 2401 150 2478 nobis
172 2399 322 2502 prolata.
374 2399 466 2473 Eam
485 2399 525 2472 in
546 2397 802 2501 compendium
825 2398 1084 2476 redactamre-

43 2502 257 2605 perimas'in
273 2524 304 2575 c.
325 2514 348 2578 2
364 2497 438 2574 Th.
456 2497 497 2576 C.
515 2497 561 2574 de
577 2514 690 2580 canu:
708 2513 791 2575 emt.
810 2517 844 2594 a,
865 2515 900 2578 1.
922 2502 1083 2577 eluseri-

43 2607 124 2706 ptio
148 2593 259 2678 buiris
280 2601 550 2676 constitutionis
570 2601 728 2704 appellat
748 2605 982 2704 Gregorium‚
1019 2605 1086 2706 qui

46 2704 250 2781 Praefectus
274 2703 461 2778 Praetorio
475 2701 512 2736 ¹⁶⁹
530 2704 779 2780 Praefecturae
799 2705 922 2779 Italiae
936 2702 977 2740 ¹⁶⁰
1001 2707 1083 2780 fuit.
1156 2753 1161 2764 ·

45 2805 274 2908 Subscriptio
289 2804 345 2894 ibi
359 2803 470 2884 habet
492 2831 627 2880 annum
644 2821 717 2884 887
729 2863 740 2900 ,
784 2797 941 2908 quocum
966 2824 1088 2882 nostra

44 2905 112 3008 §us
127 2911 277 2984 minime
291 2907 465 3012 congruit.
531 2907 602 2982 Sed
624 2908 744 2983 verius
760 2909 922 3002 videtur,
964 2908 1089 2984 Theo-

41 3011 187 3086 dosiani
209 3007 352 3086 Codicis
374 3009 677 3113 subscriptionem
703 3011 828 3114 recipi.
896 3004 1089 3113 Inscriptio

45 3114 148 3197 enirn
160 3129 301 3188 nostrae
316 3106 353 3210 §i
365 3137 481 3188 uuum
494 3112 697 3220 Augustum
713 3111 876 3208 exhibet,
902 3113 1088 3214 quodiam

42 3215 174 3310 docet,
216 3215 518 3317 subscriptionem
536 3229 713 3310 nostram,
753 3241 847 3318 quae
861 3241 996 3290 annum
1014 3231 1086 3292 3¹1³
1137 3229 1140 3252 ³

907 1890 1081 1964 onerantia
1206 1893 1208 1900 '

46 3315 221 3420 profert‚·
238 3317 366 3393 falsam
380 3343 475 3412 esse,
513 3316 600 3416 quia
617 3313 689 3392 hoc
702 3341 796 3392 anno
811 3318 884 3393 duo
898 3317 998 3400 fuere
1012 3320 1091 3392 Au-
1165 3349 1174 3389 ι
1197 3367 1206 3382 ι

45 3420 165 3522 gusti,
188 3417 440 3494 Constaminm
452 3431 487 3492 et
501 3419 677 3494 Licinius.
714 3419 942 3521 Quapropter
957 3419 1003 3493 ad
1014 3417 1089 3492 Th.

46 3521 195 3598 Codicis
221 3521 410 3596 lectionem
433 3519 714 3620 confugiendum
736 3547 812 3595 esse
832 3518 933 3594 haud
952 3547 1090 3594 recuso.

45 3625 187 3700 Verum
209 3648 277 3725 pro
300 3619 565 3722 subscriptione
586 3646 629 3698 ea
650 3621 738 3696 facit
756 3638 938 3723 praeterea
954 3621 1094 3724 aliquid

48 3725 237 3800 allocutio:
275 3721 407 3820 parens
422 3727 605 3796 karissime
621 3740 728 3820 atque
743 3729 964 3820 augustalis,
1001 3749 1094 3824 quae
1135 3776 1140 3792 .

49 3831 309 3929 Imperatorem
346 3825 620 3916 Constantinum
658 3829 869 3928 Augustum.
904 3826 1092 3926 significat.

52 4005 54 4010 Ι
86 4031 150 4086 157.
170 4030 208 4085 ci.
225 4031 335 4086 Corum.
350 4035 389 4085 ad
403 4033 469 4094 Vae.
478 4031 521 4101 fr.
536 4035 561 4100 §.
577 4031 629 4094 249
641 4031 659 4084 i.
669 4023 691 4090 l.

88 4118 152 4260 153.
169 4117 302 4243 ffi'raei·
322 4115 503 4198 llanboldi
524 4119 667 4187 opusculis
677 4113 895 4174 Academicissl.
909 4119 937 4180 l,
956 4121 1101 4194 praemissa

25 4353 27 4356 Ι
91 4273 153 4330 159.
170 4271 290 4330 cs'st.
305 4272 337 4328 C.
357 4247 512 4330 descrens
525 4275 623 4330 ettrib.
640 4268 680 4339 ll,
696 4278 745 4328 lv
813 4279 819 4292 '

92 4358 154 4413 160.
175 4359 193 4412 l.
214 4355 463 4414 Gotbolrcdus
481 4360 509 4412 in
522 4359 898 4424 rotundationis.
938 4363 940 4368 '

781 4469 859 4544 X2
