2702 5098
178 331 183 372 ⁴
264 259 948 426 taruanicam-macrinum
979 294 1283 414 t·³1a·..·t.su.

315 548 318 556 .
373 505 424 610 [p
442 456 550 606 ata]
599 504 850 583 ldemthaelio
860 504 1075 615 Sempronio
1089 505 1285 606 Laeporiou.
1326 461 1327 540 i

263 599 606 712 'Donatio·praedii,
640 608 738 710 quod
756 608 917 708 mancipi
928 621 1000 700 est,
1042 607 1138 680 inter
1154 633 1222 680 non
1236 633 1289 679 ex·

232 742 261 786 so
274 707 400 814 capitas
413 735 582 814 personas
597 711 790 786 traditione
813 709 930 810 adque
952 709 1213 808 mancipatione
1224 735 1290 808 per·

271 815 412 907 ficitur3
438 815 516 888 eius
532 839 640 906 uero,
663 813 762 914 quod
776 839 843 887 nec
855 811 1016 912 mancipi
1030 826 1100 904 est,
1116 805 1123 912 Ι
1147 810 1292 884 traditio

273 943 319 990 ne
334 917 408 992 sola
422 919 471 989 **.
524 916 566 990 st
589 917 701 1014 igitur
723 929 874 1020 patrona
890 929 953 989 tua
967 915 1007 986 in
1021 911 1129 988 rebus
1145 910 1293 987 humanis

273 1043 381 1120 agens
405 1009 618 1120 supraidicto
640 1019 719 1112 iure
742 1043 791 1092 ex
813 1041 919 1092 cauea
939 1016 1163 1108 donationis,
1196 1031 1293 1090 reten-
1326 1057 1327 1094 t

274 1136 311 1194 to
329 1119 402 1194 sibi
417 1118 615 1214 usufructu,
652 1114 918 1210 adte'eundem
935 1112 941 1220 Ι
955 1117 1109 1192 fundum
1121 1117 1294 1210 transtulit,

326 1378 367 1423 **
391 1379 506 1448 Sciret.
557 1373 712 1448 Donatio
719 1372 847 1474 praedi
863 1389 882 1424 ⁹
897 1374 1058 1478 mancipi
1071 1373 1119 1448 ab
1137 1367 1295 1477 eo,⁸quotl

276 1503 349 1573 non
362 1475 605 1592 mancipiest,
632 1477 671 1582 in
686 1501 759 1588 quo
776 1475 964 1579 discrepet.
1076 1577 1077 1584 ἵ

277 1734 287 1772 ²
309 1709 474 1806 augrimus
496 1727 602 1805 solue,
637 1724 841 1790 nonssaesnr
863 1725 1098 1812 (Constantius)
1129 1731 1297 1814 appellatur,

309 1815 379 1874 ·uti
392 1831 486 1897 supra
499 1813 532 1874 h.
547 1821 571 1875 t.
587 1833 618 1896 p.
637 1821 690 1876 ta:
704 1811 855 1877 Lanato
867 1836 892 1875 e.
937 1811 1299 1901 elevatumque
1326 1871 1327 1876 ,

331 1915 451 1959 nomen
465 1896 583 1978 legitur
596 1898 629 1958 in
643 1895 799 1982 inscriptt.
817 1895 902 1983 apud
915 1895 1096 1972 Gruterum.
1111 1921 1145 1986 p.
1155 1912 1214 1966 876
1228 1925 1255 1966 n.
1265 1915 1297 1966 12.

331 1993 349 2028 V
371 1981 562 2072 Itevatjc.
579 1993 611 2043 stt
625 1982 723 2068 paulo
738 1993 812 2069 post
823 1986 962 2068 praedii.
1001 2063 1003 2072 J

272 2135 328 2190 mei
349 2133 452 2192 SCtnm
482 2135 525 2190 vel
543 2133 780 2192 ‚constitutionem
824 2135 953 2204 §us2983
984 2136 1020 2191 cf.
1041 2157 1066 2194 c.
1081 2137 1098 2192 8
1114 2138 1149 2194 C.
1175 2139 1208 2194 de
1222 2139 1276 2210 adq.
1285 2149 1299 2190 et

280 2205 362 2278 fuerit
374 2204 477 2278 prolata
486 2204 503 2226 ”
521 2203 556 2261 fr.
570 2204 603 2258 19
622 2204 665 2258 De
683 2203 780 2276 appell.
820 2215 874 2259 ret.
891 2225 964 2278 poss.
980 2205 1006 2270 7,
1019 2206 1064 2262 82.

282 2273 325 2338 49.
342 2276 366 2328 1·
724 2299 726 2304 ’
855 2285 980 2342 patrona
998 2277 1059 2344 tua]
1095 2278 1218 2334 Donatio
1233 2290 1298 2350 patro

317 2345 341 2411 §.
354 2340 417 2396 ³18.
451 2344 630 2413 traditaque
647 2343 781 2411 mancip]
823 2363 875 2396 nae
901 2343 929 2396 in
953 2343 1080 2398 libertum
1106 2365 1158 2419 pro
1180 2350 1300 2402 donatione

282 2413 356 2467 Haec
368 2411 459 2478 verba,
479 2430 664 2484 quaequoque
675 2411 704 2464 in
713 2411 782 2464 Pau·
823 2413 895 2465 inter
906 2432 962 2464 non
978 2425 1097 2485 exceptas
1133 2437 1240 2470 ersonas
1255 2417 1299 2468 cde·

284 2483 312 2536 lo
337 2481 382 2547 (R.
404 2479 434 2533 S.
454 2478 537 2544 11,17
554 2481 628 2548 Μ)
647 2481 783 2552 leguntur,
824 2481 901 2534 brata
919 2481 1079 2560 habeturcf.
1122 2497 1160 2540 at.
1174 2486 1209 2540 fr.
1224 2483 1301 2553 §.issi

284 2549 448 2622 significante
479 2551 676 2672 manclipadone
691 2550 783 2604 iuncta
824 2553 851 2618 §.
866 2549 926 2604 309.
1038 2583 1040 2596 ·

286 2639 350 2675 cum
364 2617 514 2672 traditione.
580 2639 624 2672 am
638 2619 783 2673 solamen·
859 2619 1018 2688 supradicto
1037 2624 1108 2692 r'urc]
1141 2623 1302 2678 videturesse

287 2687 421 2759 eipatione
441 2685 526 2750 facta,
554 2687 707 2740 donatarius
726 2687 785 2758 qui·
826 2690 967 2761 praedium
1005 2690 1145 2756 Italicum,
1182 2693 1216 2747 ad
1247 2689 1301 2764 quod

288 2759 351 2813 dem
366 2775 395 2808 ex
414 2756 471 2808 iure
485 2755 633 2824 Qniritium
653 2776 711 2810 rem
730 2757 785 2808 vin·
827 2757 1043 2812 transferendum
1052 2763 1303 2832 mancipationeoptt

261 2835 264 2842 '
288 2825 491 2896 dicarepotpit,
514 2825 576 2886 sed,
609 2826 699 2880 sinon
713 2844 786 2880 exce·
827 2827 893 2891 fuit,
928 2846 978 2898 pro
998 2839 1039 2882 ter
1061 2829 1218 2886 usufructus
1244 2827 1303 2883 dett·

283 2905 332 2969 pta
344 2911 459 2976 persona
472 2891 538 2964 suit,
555 2893 677 2966 repulsus
692 2905 731 2948 est
745 2914 786 2947 ex·
828 2895 957 2950 ctionem.
979 2847 1053 2950 itam
1068 2909 1094 2952 et
1106 2900 1135 2952 in
1149 2920 1179 2952 re
1190 2919 1238 2954 nec
1249 2914 1303 2950 man

288 2973 427 3034 captiones
449 2964 476 3015 ai
485 2981 542 3015 non
555 2965 711 3016 donationis
724 2981 786 3016 cau·
829 2965 883 3035 cipi
895 2983 943 3035 per
955 2966 1126 3020 traditionem
1143 2968 1237 3024 deduci
1250 2982 1304 3018 usus·
1326 2965 1327 2970 ’

288 3051 323 3087 aa
342 3033 515 3098 mancipem
544 3032 605 3086 Vat.
622 3031 657 3086 fr.
680 3037 707 3100 §.
721 3030 788 3098 3103
827 3031 1112 3116 fructusnonpotest.
1154 3037 1201 3092 Sic
1213 3036 1304 3090 enimet

289 3113 371 3171 atque
389 3100 445 3152 sola
464 3100 608 3155 traditione
626 3105 733 3173 peracta
757 3121 788 3154 ex
830 3111 921 3157 vetere
934 3102 992 3156 iure
1007 3105 1080 3161 civili
1100 3105 1154 3160 suit
1176 3107 1234 3160 Vat.
1247 3103 1275 3155 fr.
1286 3101 1303 3164 §-

289 3171 349 3224 iure
373 3166 523 3240 Quiritium
551 3169 677 3223 dominus
702 3169 789 3224 sactus
830 3171 874 3224 47.
897 3171 940 3224 De
959 3167 1018 3226 iure
1042 3173 1115 3246 quod
1142 3186 1233 3246 postea
1253 3171 1304 3224 inu·

290 3247 409 3294 nonest.
445 3237 558 3291 Danaus
571 3237 652 3309 igitur
664 3257 723 3292 rem
737 3238 788 3292 sibi
830 3241 890 3295 luit.
910 3240 946 3293 cf.
964 3242 1118 3297 Commeat.
1133 3247 1169 3298 ad
1178 3247 1242 3311 §um
1255 3239 1288 3291 cit.

290 3307 540 3380 uindicarepotuit‚
563 3317 590 3360 et
604 3306 788 3367 nihilominus,
865 3318 975 3362 retento
986 3312 1038 3363 sibi
1049 3311 1203 3380 usufructu]
1226 3311 1251 3362 Si
1280 3305 1305 3356 uit

289 3375 339 3432 etsi
359 3376 518 3432 donatarius
541 3376 724 3446 exceptionem
749 3376 788 3430 rei
830 3379 859 3432 in
885 3378 1045 3432 alienatione
1073 3381 1174 3452 praedii
1196 3327 1305 3437 usandu-

290 3445 405 3502 donatae
419 3455 445 3498 et
457 3445 568 3499 traditae
587 3447 788 3517 (exceptionem
832 3459 908 3502 ctum
922 3448 971 3502 sibi
984 3448 1090 3514 retinet,
1108 3469 1159 3520 pro
1173 3447 1264 3502 tradito
1276 3443 1305 3496 ha·

285 3513 361 3582 doli)
373 3533 408 3586 op
429 3525 531 3575 oneret,
552 3513 655 3568 donans
667 3515 790 3596 superior
832 3515 926 3574 betur,
959 3535 1022 3568 nam
1046 3518 1237 3582 „ususiructus
1254 3528 1305 3566 exce·

290 3581 342 3636 suit
365 3533 548 3654 repiicationis
579 3583 644 3655 legis
671 3583 788 3638 Cinciae.
852 3584 889 3637 tio
920 3603 951 3638 ro
962 3587 1105 3640 traditione
1118 3579 1296 3659 computand-

291 3646 345 3704 Sed
360 3651 436 3724 aliter
454 3657 497 3705 rtis
516 3672 544 3707 se
560 3633 653 3706 imbuit
666 3653 789 3709 in'ter‘ex·
831 3603 884 3706 iex
899 3604 981 3707 item.
993 3653 1132 3727 Burgund.
1151 3657 1191 3710 tit.
1206 3655 1244 3706 22.
1268 3647 1306 3700 Vc

293 3730 384 3792 ceptae
397 3722 536 3793 p'e'isonas.
583 3720 657 3774 luter
672 3741 714 3776 eas
729 3720 791 3774 tota
833 3723 1025 3778 cemretinere
1040 3743 1096 3778 non
1107 3725 1159 3779 nisi
1174 3720 1307 3778 insontibus

293 3789 382 3843 manci
402 3790 491 3844 atione
509 3789 620 3844 donatio
641 3790 788 3873 perficitur.
835 3791 944 3848 serioris
969 3794 1060 3846 aetatis
1081 3811 1222 3848 occurrere
1244 3790 1307 3863 de}⁸

293 3857 355 3912 vat.
384 3879 406 3913 r.
420 3855 520 3924 5810.
560 3859 610 3923 Es,
627 3879 648 3912 si
662 3879 705 3912 res
718 3877 792 3914 man·
836 3861 939 3931 specie,
961 3879 1013 3930 qua
1029 3879 1071 3916 rea
1085 3858 1307 3916 inalteriusdonu·

293 3925 348 3997 cipi
361 3937 465 3980 tantum
477 3928 572 3982 tradita
586 3928 635 3992 ait,
659 3927 793 3980 nihilomi·
837 3931 914 3983 nium
927 3929 1103 3994 transfertur,
1131 3931 1258 4000 simulque
1269 3939 1306 3976 aer·-

294 4014 347 4050 nus
362 3992 507 4050 vindicatio
521 3997 646 4054 donantis
662 4017 722 4056 exce
742 3997 792 4050 tio·
836 3997 908 4056 ¹vitus
922 4018 969 4070 per
982 3998 1170 4054 deductionem
1191 3995 1307 4064 recipitutt

285 4083 331 4138 ¹ne
357 4062 412 4115 doli
436 4084 465 4117 re
486 4065 589 4129 ellitnr,
626 4085 694 4136 quae
724 4016 792 4136 iegts
836 4068 987 4122 observavit
1011 4067 1170 4123 Dirksen
1193 4067 1305 4124 tnPrott·

295 4130 404 4186 Cinciae
416 4084 589 4204 repiicaticne
603 4154 658 4196 non
673 4135 796 4196 eliditur;
836 4155 916 4207 supra
934 4141 969 4204 §o
981 4133 1018 4189 47
1035 4141 1113 4192 laud.
1136 4157 1162 4209 p.
1178 4137 1194 4190 6
1212 4125 1304 4188 notati.

296 4201 332 4258 cf.
351 4201 461 4254 Haase
477 4205 496 4254 1.
512 4206 531 4256 l.
568 4203 640 4258 .198
654 4221 729 4276 seqq.
837 4205 964 4274 quodhis
978 4225 1032 4276 quo
1053 4225 1086 4260 ue
1104 4207 1173 4262 locis
1190 4200 1303 4260 confirm·

332 4223 567 4340 mddtbnerolai
598 4269 672 4327 idem
692 4272 795 4346 profert
836 4281 890 4328 tur.
911 4273 946 4332 et.
961 4273 1030 4329 Nos.
1063 4267 1145 4334 alenti
1158 4260 1303 4342 LIIMEA·
