2702 5098
137 139 143 146 .
196 110 204 147 i

81 345 296 442 QUANDO
312 343 565 424 DONATOR.
592 371 629 448 p.
651 345 867 422 t.1.7...t.
890 346 948 425 re.
995 351 1075 426 ηδ

11 531 61 604 le
81 531 252 632 mulieris
266 557 381 634 posse.
435 529 574 626 Quodsi
590 547 609 584 ⁹
622 533 757 606 sciente
772 555 811 604 ee
825 529 897 605 hoc
911 527 1075 638 fecurmll

25 636 85 725 it,
123 659 346 734 consequens
371 635 439 706 erit
459 633 602 728 dicere,
643 635 683 708 in
708 633 830 708 dotem
859 659 1075 710 conuersum
1088 661 1117 706 ss

2 761 101 808 esse
121 736 182 828 id,
200 735 208 840 Ι
234 737 332 834 quod
347 733 472 808 datum
486 749 540 810 est
553 747 590 810 ².
608 731 659 836 ss*
680 797 683 802 .

133 835 183 934 [ᾗ.
212 833 316 937 ctu]
377 835 565 938 [Hermog.
587 839 644 912 tit.
675 834 720 910 de
748 834 1000 914 donationibus
1016 835 1075 939 1.]

4 939 115 1010 Diui
129 940 377 1013 Diocletianus
391 954 427 1012 et
443 933 458 1042 ΙΙ
475 939 703 1014 Constantius
714 937 1075 1040 CaecilieeAnegria-
1131 947 1133 952 ’

13 1066 95 1116 rrae
112 1055 143 1114 ³.
212 1041 253 1114 Si
274 1041 531 1116 donationibus
550 1042 591 1116 in
612 1065 723 1114 unam
753 1039 867 1113 filium
896 1037 1075 1161 oculatius,
1159 1036 1171 1056 ⁶

15 1157 157 1240 quarte
173 1165 246 1216 non
261 1125 416 1236 retenin,
459 1144 718 1244 patrimonium
747 1138 967 1220 exhaustum
982 1155 1005 1194 ⁶
1035 1173 1075 1234 in

16 1244 195 1318 fraudem
210 1239 420 1346 ceterorlum
436 1245 595 1320 liliorum
611 1243 804 1345 probetur,
836 1241 904 1320 hus
918 1246 1077 1322 rescindi
1102 1315 1107 1318 .

78 1471 100 1513 *
134 1471 177 1538 ln
195 1489 311 1560 marg.
327 1469 434 1537 schol.
485 1465 604 1540 Meter
617 1465 693 1540 lilio
713 1466 887 1568 inpetriri
903 1481 1077 1570 potestate

17 1567 146 1670 posito
164 1565 329 1639 donando
339 1623 350 1658 ,
378 1565 473 1640 nihil
490 1567 577 1667 egit.

22 1815 42 1848 v
67 1799 144 1866 Vat.
161 1796 195 1862 C.
208 1801 294 1886 quod
308 1802 430 1862 sciente.
459 1795 526 1861 Mai
538 1807 644 1876 notat,
672 1819 708 1862 ee
723 1799 758 1861 in
774 1795 891 1863 Codice
904 1797 1078 1864 Frontonis

84 1903 183 1968 eoepe
200 1887 284 1968 quod
322 1903 356 1944 ro
370 1885 482 1968 quodsi
502 1883 670 1970 reperisse.
727 1895 745 1930 Χ
766 1883 876 1948 Verba
895 1888 1008 1948 datum
1028 1897 1078 1949 cst

83 1969 267 2034 scribuntur·
283 1905 345 2030 elie
362 1987 470 2030 manu.
508 1968 597 2030 Heec
618 1979 727 2029 temen
740 1968 809 2054 ipse
824 1968 939 2056 scripte
950 1969 1079 2034 irrorent

83 2055 189 2142 prime
201 2073 300 2116 manu
310 2059 349 2114 'et
361 2073 440 2114 mox
452 2051 613 2116 immerito
626 2049 741 2116 delete.
778 2065 793 2108 t
807 2053 916 2118 Verba
929 2055 1009 2118 hoec
1021 2055 1079 2117 in-

84 2141 171 2202 cluse
184 2137 248 2200 elio
263 2138 437 2222 scripturae
458 2157 576 2216 genere
603 2135 712 2200 addite
736 2149 821 2203 sunt.
863 2137 1004 2203 Videtur
1015 2139 1078 2202 hcc

84 2220 203 2286 citandi
217 2220 314 2309 modo
328 2223 485 2284 sententia
499 2221 684 2286 confirmate
696 2221 991 2306 Hermogenianum
1010 2223 1080 2289 Go-

85 2307 189 2370 dicem
211 2305 308 2370 modo
327 2307 361 2368 in
380 2307 510 2388 titulos,
547 2310 612 2370 non
643 2309 678 2369 in
702 2307 801 2372 libros
827 2329 898 2372 esee
924 2305 1078 2378 divisum.

88 2393 256 2456 Zimmern
276 2389 523 2542 Geechichteff
551 2403 611 2460 159
629 2403 704 2456 note
724 2403 775 2458 tc.
831 2403 847 2438 ²
867 2393 938 2456 Hoc
958 2415 1079 2458 nomen

90 2497 250 2625 nppppern
270 2477 397 2559 legitur.
440 2487 455 2522 ⁸
509 2439 552 2543 rit.
582 2475 618 2544 G.
638 2467 810 2542 eoclrdetum
834 2477 890 2542 rel
909 2484 1080 2551 ecbertum

87 2583 107 2626 Θ
152 2575 230 2626 lei.

35 2737 93 2793 eius
109 2730 249 2790 heredibus
263 2721 395 2789 vindiceii
414 2743 536 2808 possunt,
615 2745 671 2790 arta
705 2733 742 2790 ci.
767 2731 978 2791 Brissonius
1000 2737 1029 2791 h.
1053 2753 1080 2790 e.

34 2807 123 2860 multo
145 2804 229 2878 magis
250 2804 306 2877 ipsa
321 2803 535 2860 vindicationem
596 2803 643 2860 ,8.

34 2875 152 2931 habebit.
276 2925 280 2938 ,
611 2873 926 2944 infraudemeet.fi1.]
957 2873 1018 2930 Hoc
1032 2873 1080 2928 do·

72 2947 172 2997 sciente
201 2959 238 2994 eu
259 2941 325 3010 etc]
363 2939 427 2996 Sola
453 2941 536 3014 igitur
576 2943 685 2996 natricis
713 2941 856 2998 consilium
882 2962 938 2996 esse
957 2961 1015 2996 non
1034 2944 1080 2997 de·

36 3012 157 3068 mulieris
175 3010 284 3066 scientie
315 3020 341 3064 et
367 3011 535 3068 taciturnitas
577 3013 638 3076 bet;
656 3031 718 3066 nem
731 3010 797 3064 nihil
810 3010 893 3065 refert
907 3011 1016 3066 endolo
1031 3019 1079 3066 eut

36 3101 89 3154 pro
105 3098 235 3134 consensu
248 3077 373 3162 hehetuc.
578 3079 674 3201 culpa,
707 3079 750 3161 vel
764 3081 979 3162 eduense-matris
992 3079 1079 3134 iortu·

36 3147 450 3274 lodiilideqlilniarihufiimrrilidiis
464 3144 538 3268 litandi
578 3148 821 3286 ni'etilricgididii)
856 3149 1079 3272 .¹decinhliiddu⁷.

38 3289 154 3360 videtur..
199 3235 303 3338 (intres
318 3285 390 3338 enim
410 3284 536 3336 undecim
596 3285 651 3350 ‚29
666 3285 810 3340 manifesto
823 3285 856 3339 de
870 3286 1008 3340 donatoris
1022 3287 1080 3340 cul·

38 3357 104 3414 loci,
123 3363 190 3422 qubs
207 3353 535 3406 Brissoniusu.ccn·
599 3355 777 3426 eloquuntur
800 3354 987 3408 Neustetel
1009 3353 1082 3409 und
1196 3409 1198 3416 ,

40 3441 155 3491 sequens·
168 3421 288 3494 collegit,
306 3419 417 3494 Ulpiani
430 3431 501 3475 sunt.
580 3373 763 3476 himmerit
780 3425 800 3476 1.
815 3427 833 3476 l.
849 3443 877 3496 p.
892 3423 935 3484 66,
957 3433 983 3476 et
996 3423 1080 3477 done·
1130 3475 1133 3488 ἃ

74 3489 538 3557 Inm.s0c01.]1100scholionma·
581 3502 625 3546 tor
648 3491 776 3554 adversus
801 3492 894 3545 dolum
920 3511 936 3543 a
962 3511 991 3545 se
1020 3491 1081 3574 ipso

40 3563 80 3633 gis
95 3565 142 3628 §c,
159 3559 289 3632 adquam
304 3561 418 3629 pertinet
433 3577 538 3612 accom-
576 3567 722 3630 'nunquam
749 3562 778 3614 in
810 3561 947 3630 integrum
977 3561 1082 3614 restrtui

40 3632 178 3682 rnodatum
190 3637 265 3691 esset,
282 3627 304 3680 si
317 3629 537 3699 profilrhinpffl.
581 3640 684 3700 posset,
717 3629 790 3698 quod
809 3637 899 3684 tamen
919 3629 948 3681 in
969 3627 1081 3682 hoedo·

38 3700 143 3768 posito:
164 3698 247 3768 filice
271 3699 300 3748 in
323 3715 354 3764 ρ.
376 3715 406 3764 p.
430 3697 539 3766 positae
580 3695 850 3752 natioueinolficiose
864 3697 904 3751 lit.
929 3698 989 3751 Vat.
1002 3697 1037 3750 sr.
1051 3701 1081 3766 §2
1185 3741 1186 3744 ,

45 3765 183 3822 exhiberet.
580 3765 661 3820 282i.
677 3766 698 3818 f.
807 3770 815 3803 l
854 3791 855 3794 ¹
963 3797 965 3803 =
1034 3791 1059 3834 Α

62 3835 175 3916 ,5.1270.
212 3835 326 3916 quarta]
349 3831 540 3888 Cessetinolfr·
615 3834 750 3902 rescindi]
772 3831 811 3916 ‘Si
836 3832 915 3916 eninr·
937 3843 1023 3888 mater
1046 3834 1081 3888 ed

44 3903 541 4044 titlttltsrddttltlt‘lt:
582 3901 1117 4034 ‘itt“lttrssttffitz’trtt‘tlt=
1222 3957 1225 3965 ·

45 4041 163 4111 queiilio
177 4041 268 4101 relicta
283 4053 330 4094 est.
361 4040 442 4094 Plinii
454 4039 539 4110 Epist.
582 3993 649 4094 dum
677 4051 766 4110 ageret
787 4039 815 4092 iu
840 4041 924 4100 rebus
947 4039 1082 4098 humanis.

48 4111 79 4174 V,
94 4113 123 4174 13
138 4131 162 4164 c.
176 4111 194 4162 2
208 4107 239 4161 C.
255 4109 287 4162 de
301 4109 374 4162 inoff.
388 4109 451 4162 don.
460 4107 485 4168 3,
494 4108 540 4174 293
581 4109 659 4163 fectis
672 4109 863 4162 donationibus
871 4109 900 4161 in
908 4109 1081 4180 quosdamli·
1319 4160 1321 4171 ι

47 4180 106 4232 Vat.
120 4177 155 4230 ir.
168 4183 195 4245 §.
208 4178 275 4241 271,
292 4182 318 4244 §.
335 4178 403 4241 2813
420 4181 473 4232 c.l
489 4175 538 4232 Gr.
581 4177 662 4231 beros
674 4175 803 4237 exhausit,
833 4197 892 4230 non
902 4177 999 4230 iniuria
1010 4177 1081 4248 iuxta
1198 4203 1203 4216 v

47 4245 80 4302 C.
98 4248 130 4300 de
155 4248 230 4300 inoff.
257 4256 362 4302 testem.
382 4245 455 4312 233
487 4245 540 4300 Lex
581 4243 906 4308 sormarndeiuofficioso
921 4255 1081 4300 testamento

46 4317 126 4372 llorn.
145 4315 286 4388 Burguud.
309 4317 350 4371 tit.
370 4317 394 4372 1.
421 4315 465 4370 De
486 4317 540 4370 isac
582 4315 756 4384 constitutam
768 4313 1080 4388 ceterilibecieuhveui·
